1964 3336
123 279 125 283 -
193 246 252 297 DE
275 244 407 297 BELLO
432 243 613 310 GALLICO,
630 242 705 296 LIB.
724 242 780 297 III.
864 253 879 310 7

95 384 179 436 ullam
191 382 350 437 facultatem
361 383 463 435 habere
481 382 600 450 navium,
613 398 704 450 neque
720 397 814 435 eorum
825 381 880 433 loc·

94 479 182 530 orum,
189 462 236 515 ubi
245 463 347 516 bellum
356 463 458 530 gesturi
466 472 567 531 essent,
576 463 658 530 vada,
665 467 767 530 portus,
778 462 880 514 insulas

94 546 220 600 novisse:
238 561 271 599 ac
283 546 365 613 longe
376 545 461 597 aliam
473 561 534 599 esse
552 545 757 613 navigationem
775 543 805 595 in
817 559 881 596 con·

95 630 171 682 cluso
192 628 269 695 mari,
282 636 366 697 atque
384 627 414 680 in
431 627 589 681 vastissimo
607 636 691 696 atque
707 624 882 696 apertissimo

96 711 219 778 Oceano,
231 709 443 780 perspiciebant,
481 711 535 763 His
548 710 623 765 initis
636 708 766 775 consiliis,
780 707 883 776 oppida

95 792 230 860 muniunt,
242 792 383 846 frumenta
394 809 428 846 ex
445 791 519 860 agris
532 792 561 844 in
579 791 682 860 oppida
700 797 883 858 comportant,

94 891 180 929 naves
198 875 227 928 in
243 875 399 943 Venetiam,
417 874 465 928 ubi
484 875 625 928 Caesarem
642 873 763 942 primum
780 872 883 925 bellum

94 966 236 1026 gesturum
244 957 397 1024 constabat,
406 972 491 1025 quam
499 956 631 1024 plurimas
639 963 763 1025 possunt,
772 961 882 1020 cogunt

96 1038 194 1092 Socios
212 1038 264 1091 sibi
282 1038 320 1090 ad
332 1037 361 1091 id
372 1038 476 1091 bellurn
490 1037 634 1105 Osismios‚
649 1035 792 1102 Lexouios,
806 1035 883 1086 Nan·

95 1129 182 1188 netes,
200 1119 375 1187 Ambiliatos,
394 1119 529 1187 Morinos,
549 1118 715 1186 Diablintes,
734 1115 883 1184 Menapios

95 1200 271 1256 adsciscunt:
288 1201 389 1254 auxilia
408 1217 441 1255 ex
461 1200 614 1269 Britannia,
635 1216 698 1268 quae
720 1207 817 1252 contra
836 1213 883 1250 eas

96 1283 221 1351 regiones
234 1283 325 1352 posita
338 1291 388 1351 est,
400 1290 552 1336 arcessunt.

131 1366 165 1418 X.
186 1365 275 1417 Erant
302 1365 346 1417 hae
375 1364 552 1417 difficultates
580 1363 646 1417 belli
669 1362 791 1430 gerendi,
815 1377 884 1429 quas

97 1461 180 1515 supra
198 1445 382 1510 ostendimus;
404 1446 453 1498 sed
473 1445 561 1499 multa
577 1446 718 1498 Caesarem
735 1452 829 1496 tamen
847 1442 885 1495 ad

97 1528 126 1581 id
143 1528 246 1582 bellurn
264 1527 432 1580 incitabant:
453 1526 559 1595 injuriae
576 1534 744 1580 retentorum
762 1514 885 1592 equitum

98 1611 306 1673 Romanorum
324 1608 436 1662 rebellio
454 1609 529 1661 facta
549 1617 612 1676 post
632 1606 820 1671 deditionem
838 1605 884 1658 de·

96 1683 178 1743 sectio
191 1689 264 1744 datis
276 1689 418 1743 obsidibus
423 1708 431 1754 ;
452 1699 493 1743 tot
507 1689 649 1743 civitatum
668 1688 838 1758 conjuratio;
856 1688 885 1740 in

97 1771 200 1840 primis,
222 1787 266 1837 ne,
287 1771 341 1823 hac
365 1780 443 1840 parte
466 1771 602 1838 neglecta,
623 1770 736 1839 reliquae
759 1770 886 1824 nationes

97 1853 172 1907 idem
185 1853 238 1906 sibi
250 1853 333 1906 licere
345 1852 548 1906 arbitrarentur.
587 1853 685 1920 Itaque
704 1868 788 1920 quum
807 1850 885 1903 intel·

97 1935 192 2002 ligeret
209 1950 306 1987 omnes
323 1934 379 1986 fere
393 1934 488 1987 Gallos
501 1933 581 1987 novis
593 1933 675 1987 rebus
688 1932 807 1999 studere,
815 1931 885 1985 etad

99 2017 199 2070 bellum
211 2017 351 2070 mobiliter
363 2016 542 2086 celeriterque
554 2016 673 2083 excitari,
688 2031 784 2069 omnes
793 2023 886 2068 autem

98 2095 224 2151 homines
245 2103 344 2151 natura
364 2097 485 2151 libertati
507 2100 625 2165 studere,
646 2107 674 2152 et
698 2097 886 2151 conditionem

98 2179 235 2234 servitutis
254 2180 366 2245 odisse;
386 2180 547 2248 priusquam
565 2180 656 2248 plures
675 2180 800 2233 civitates
819 2194 885 2231 con-

98 2263 241 2332 spirarent,
254 2261 429 2329 partiendum
442 2261 495 2314 sibi
513 2278 547 2316 ac
564 2261 645 2315 latius
666 2260 886 2315 distribuendum

98 2343 247 2396 exercitum
258 2341 373 2411 putavit

132 2426 183 2478 XI.
204 2425 303 2492 Itaque
310 2423 405 2475 Titum
414 2424 567 2476 Labienum
577 2424 699 2491 legatum
712 2423 742 2476 in
750 2424 888 2489 Treviros,

98 2507 145 2577 qui
157 2506 274 2575 proximi
283 2506 383 2559 Rheno
396 2505 502 2559 flumini
511 2513 583 2572 sunt,
591 2522 654 2558 curn
663 2505 785 2574 equitatu
797 2503 889 2557 mittit.

100 2588 174 2642 Huic
195 2589 318 2655 mandat,
342 2590 446 2640 Remos
470 2587 645 2656 reliquosque
670 2588 772 2655 Belgas
792 2586 884 2651 adeat,

98 2679 182 2740 atque
193 2670 223 2722 in
234 2669 325 2723 officio
333 2669 473 2723 contineat
478 2687 486 2733 ;
509 2670 726 2737 Germanosque,
732 2670 777 2738 qui
790 2668 892 2722 auxilio

98 2771 116 2808 a
136 2753 228 2824 Belgis
250 2754 374 2808 arcessiti
394 2753 566 2819 dicebantur,
578 2752 602 2805 si
623 2769 673 2821 per
693 2753 751 2807 vim
769 2752 887 2809 navibus
