<?xml version="1.0" encoding="UTF-8"?>
<!DOCTYPE html PUBLIC "-//W3C//DTD XHTML 1.0 Transitional//EN"
    "http://www.w3.org/TR/xhtml1/DTD/xhtml1-transitional.dtd">
<html xmlns="http://www.w3.org/1999/xhtml" xml:lang="en" lang="en">
 <head>
  <title>
</title>
<meta http-equiv="Content-Type" content="text/html;charset=utf-8" />
  <meta name='ocr-system' content='tesseract 3.04.00' />
  <meta name='ocr-capabilities' content='ocr_page ocr_carea ocr_par ocr_line ocrx_word'/>
</head>
<body>
  <div class='ocr_page' id='page_1' title='image "./gallicwarbookiv05whitgoog_0014.png"; bbox 0 0 1964 3336; ppageno 0'>
   <div class='ocr_carea' id='block_1_1' title="bbox 146 680 809 940">
    <p class='ocr_par' dir='ltr' id='par_1_1' title="bbox 146 680 809 940">
     <span class='ocr_line' id='line_1_1' title="bbox 215 680 738 777; baseline 0 -23"><span class='ocrx_word' id='word_1_1' title='bbox 215 681 255 754; x_wconf 84' lang='lat' dir='ltr'>c</span> <span class='ocrx_word' id='word_1_2' title='bbox 298 681 441 777; x_wconf 75' lang='lat' dir='ltr'>Junn</span> <span class='ocrx_word' id='word_1_3' title='bbox 489 680 738 754; x_wconf 78' lang='lat' dir='ltr'>cAEsAms</span> 
     </span>
     <span class='ocr_line' id='line_1_2' title="bbox 146 865 809 940; baseline 0.006 -4"><span class='ocrx_word' id='word_1_4' title='bbox 146 865 227 936; x_wconf 76' lang='lat' dir='ltr'>oe</span> <span class='ocrx_word' id='word_1_5' title='bbox 282 865 482 939; x_wconf 69' lang='lat' dir='ltr'>netto</span> <span class='ocrx_word' id='word_1_6' title='bbox 535 865 809 940; x_wconf 71' lang='lat' dir='ltr'>Gannico</span> 
     </span>
    </p>
   </div>
   <div class='ocr_carea' id='block_1_2' title="bbox 310 1057 643 1113">
    <p class='ocr_par' dir='ltr' id='par_1_2' title="bbox 310 1057 643 1113">
     <span class='ocr_line' id='line_1_3' title="bbox 310 1057 643 1113; baseline 0.006 -3"><span class='ocrx_word' id='word_1_7' title='bbox 310 1057 431 1112; x_wconf 85' lang='lat' dir='ltr'><strong>LIBER</strong></span> <span class='ocrx_word' id='word_1_8' title='bbox 459 1058 643 1113; x_wconf 85' lang='lat' dir='ltr'><strong>TERTIUS.</strong></span> 
     </span>
    </p>
   </div>
   <div class='ocr_carea' id='block_1_3' title="bbox 81 1383 873 1628">
    <p class='ocr_par' dir='ltr' id='par_1_3' title="bbox 81 1383 873 1628">
     <span class='ocr_line' id='line_1_4' title="bbox 118 1383 866 1462; baseline 0.003 -16"><span class='ocrx_word' id='word_1_9' title='bbox 118 1394 140 1448; x_wconf 93' lang='lat'>1.</span> <span class='ocrx_word' id='word_1_10' title='bbox 161 1393 257 1462; x_wconf 79' lang='lat' dir='ltr'><strong>QUUM</strong></span> <span class='ocrx_word' id='word_1_11' title='bbox 275 1392 304 1446; x_wconf 92' lang='lat' dir='ltr'>in</span> <span class='ocrx_word' id='word_1_12' title='bbox 318 1392 428 1446; x_wconf 86' lang='lat' dir='ltr'>Italiam</span> <span class='ocrx_word' id='word_1_13' title='bbox 439 1383 658 1462; x_wconf 79' lang='lat' dir='ltr'>proficisceretur</span> <span class='ocrx_word' id='word_1_14' title='bbox 671 1393 773 1461; x_wconf 87' lang='lat' dir='ltr'>Caesar,</span> <span class='ocrx_word' id='word_1_15' title='bbox 788 1395 866 1448; x_wconf 82' lang='lat' dir='ltr'>Serv-</span> 
     </span>
     <span class='ocr_line' id='line_1_5' title="bbox 81 1474 872 1544; baseline 0.005 -17"><span class='ocrx_word' id='word_1_16' title='bbox 81 1474 139 1528; x_wconf 87' lang='lat' dir='ltr'>ium</span> <span class='ocrx_word' id='word_1_17' title='bbox 165 1474 284 1528; x_wconf 86' lang='lat' dir='ltr'>Galbam</span> <span class='ocrx_word' id='word_1_18' title='bbox 309 1492 372 1528; x_wconf 91' lang='lat' dir='ltr'>cum</span> <span class='ocrx_word' id='word_1_19' title='bbox 401 1475 508 1543; x_wconf 83' lang='lat' dir='ltr'>legione</span> <span class='ocrx_word' id='word_1_20' title='bbox 538 1475 710 1543; x_wconf 72' lang='lat' dir='ltr'>duodecima,</span> <span class='ocrx_word' id='word_1_21' title='bbox 735 1485 763 1530; x_wconf 91' lang='lat' dir='ltr'>et</span> <span class='ocrx_word' id='word_1_22' title='bbox 791 1484 872 1544; x_wconf 88' lang='lat' dir='ltr'>parte</span> 
     </span>
     <span class='ocr_line' id='line_1_6' title="bbox 82 1556 873 1628; baseline 0.003 -17"><span class='ocrx_word' id='word_1_23' title='bbox 82 1558 228 1627; x_wconf 79' lang='lat' dir='ltr'>equitatus,</span> <span class='ocrx_word' id='word_1_24' title='bbox 259 1557 288 1609; x_wconf 93' lang='lat' dir='ltr'>in</span> <span class='ocrx_word' id='word_1_25' title='bbox 318 1559 482 1626; x_wconf 84' lang='lat' dir='ltr'>Nantuates,</span> <span class='ocrx_word' id='word_1_26' title='bbox 510 1559 656 1626; x_wconf 84' lang='lat' dir='ltr'>Veragros,</span> <span class='ocrx_word' id='word_1_27' title='bbox 689 1556 873 1628; x_wconf 87' lang='lat' dir='ltr'>Sedunosque</span> 
     </span>
    </p>
   </div>
   <div class='ocr_carea' id='block_1_4' title="bbox 79 1638 884 2844">
    <p class='ocr_par' dir='ltr' id='par_1_4' title="bbox 79 1638 884 2844">
     <span class='ocr_line' id='line_1_7' title="bbox 82 1638 869 1710; baseline 0.003 -19"><span class='ocrx_word' id='word_1_28' title='bbox 82 1640 164 1706; x_wconf 87' lang='lat' dir='ltr'>misit,</span> <span class='ocrx_word' id='word_1_29' title='bbox 177 1640 223 1708; x_wconf 94' lang='lat' dir='ltr'>qui</span> <span class='ocrx_word' id='word_1_30' title='bbox 236 1639 273 1692; x_wconf 90' lang='lat' dir='ltr'>ab</span> <span class='ocrx_word' id='word_1_31' title='bbox 285 1638 386 1693; x_wconf 90' lang='lat' dir='ltr'>finibus</span> <span class='ocrx_word' id='word_1_32' title='bbox 398 1640 586 1708; x_wconf 86' lang='lat' dir='ltr'>Allobrogum,</span> <span class='ocrx_word' id='word_1_33' title='bbox 599 1648 626 1693; x_wconf 92' lang='lat' dir='ltr'>et</span> <span class='ocrx_word' id='word_1_34' title='bbox 643 1640 705 1693; x_wconf 89' lang='lat' dir='ltr'>lacu</span> <span class='ocrx_word' id='word_1_35' title='bbox 719 1640 869 1710; x_wconf 88' lang='lat' dir='ltr'>Lemanno,</span> 
     </span>
     <span class='ocr_line' id='line_1_8' title="bbox 82 1721 868 1790; baseline 0 -15"><span class='ocrx_word' id='word_1_36' title='bbox 82 1731 109 1775; x_wconf 91' lang='lat' dir='ltr'>et</span> <span class='ocrx_word' id='word_1_37' title='bbox 127 1721 239 1774; x_wconf 90' lang='lat' dir='ltr'>flumine</span> <span class='ocrx_word' id='word_1_38' title='bbox 258 1721 403 1788; x_wconf 88' lang='lat' dir='ltr'>Rhodano,</span> <span class='ocrx_word' id='word_1_39' title='bbox 422 1723 459 1774; x_wconf 92' lang='lat' dir='ltr'>ad</span> <span class='ocrx_word' id='word_1_40' title='bbox 477 1737 601 1774; x_wconf 91' lang='lat' dir='ltr'>summas</span> <span class='ocrx_word' id='word_1_41' title='bbox 618 1721 705 1790; x_wconf 88' lang='lat' dir='ltr'>Alpes</span> <span class='ocrx_word' id='word_1_42' title='bbox 723 1721 868 1789; x_wconf 88' lang='lat' dir='ltr'>pertinent.</span> 
     </span>
     <span class='ocr_line' id='line_1_9' title="bbox 83 1802 869 1872; baseline 0.001 -16"><span class='ocrx_word' id='word_1_43' title='bbox 83 1804 175 1856; x_wconf 85' lang='lat' dir='ltr'>Causa</span> <span class='ocrx_word' id='word_1_44' title='bbox 185 1803 314 1858; x_wconf 90' lang='lat' dir='ltr'>mittendi</span> <span class='ocrx_word' id='word_1_45' title='bbox 326 1803 385 1870; x_wconf 85' lang='lat' dir='ltr'>suit,</span> <span class='ocrx_word' id='word_1_46' title='bbox 392 1803 466 1872; x_wconf 83' lang='lat' dir='ltr'>qubd</span> <span class='ocrx_word' id='word_1_47' title='bbox 474 1803 526 1857; x_wconf 91' lang='lat' dir='ltr'>iter</span> <span class='ocrx_word' id='word_1_48' title='bbox 534 1819 584 1872; x_wconf 88' lang='lat' dir='ltr'>per</span> <span class='ocrx_word' id='word_1_49' title='bbox 592 1802 687 1871; x_wconf 88' lang='lat' dir='ltr'>Alpes,</span> <span class='ocrx_word' id='word_1_50' title='bbox 695 1817 757 1871; x_wconf 90' lang='lat' dir='ltr'>quo,</span> <span class='ocrx_word' id='word_1_51' title='bbox 767 1819 869 1871; x_wconf 83' lang='lat' dir='ltr'>magno</span> 
     </span>
     <span class='ocr_line' id='line_1_10' title="bbox 81 1885 870 1956; baseline 0.001 -17"><span class='ocrx_word' id='word_1_52' title='bbox 81 1902 144 1939; x_wconf 91' lang='lat' dir='ltr'>cum</span> <span class='ocrx_word' id='word_1_53' title='bbox 156 1886 278 1956; x_wconf 90' lang='lat' dir='ltr'>periculo</span> <span class='ocrx_word' id='word_1_54' title='bbox 295 1885 458 1955; x_wconf 86' lang='lat' dir='ltr'>magnisque</span> <span class='ocrx_word' id='word_1_55' title='bbox 475 1902 539 1939; x_wconf 91' lang='lat' dir='ltr'>cum</span> <span class='ocrx_word' id='word_1_56' title='bbox 555 1885 690 1955; x_wconf 91' lang='lat' dir='ltr'>portoriis,</span> <span class='ocrx_word' id='word_1_57' title='bbox 703 1893 870 1940; x_wconf 87' lang='lat' dir='ltr'>mercatores</span> 
     </span>
     <span class='ocr_line' id='line_1_11' title="bbox 81 1966 869 2037; baseline 0.003 -17"><span class='ocrx_word' id='word_1_58' title='bbox 81 1968 120 2021; x_wconf 90' lang='lat' dir='ltr'>ire</span> <span class='ocrx_word' id='word_1_59' title='bbox 132 1977 306 2035; x_wconf 88' lang='lat' dir='ltr'>consuerant,</span> <span class='ocrx_word' id='word_1_60' title='bbox 321 1968 444 2037; x_wconf 90' lang='lat' dir='ltr'>patefieri</span> <span class='ocrx_word' id='word_1_61' title='bbox 455 1967 573 2021; x_wconf 78' lang='lat' dir='ltr'>volebat</span> <span class='ocrx_word' id='word_1_62' title='bbox 613 1967 687 2021; x_wconf 83' lang='lat' dir='ltr'>Huic</span> <span class='ocrx_word' id='word_1_63' title='bbox 700 1966 832 2036; x_wconf 90' lang='lat' dir='ltr'>permisit,</span> <span class='ocrx_word' id='word_1_64' title='bbox 846 1967 869 2022; x_wconf 90' lang='lat' dir='ltr'>si</span> 
     </span>
     <span class='ocr_line' id='line_1_12' title="bbox 81 2048 869 2119; baseline -0.003 -15"><span class='ocrx_word' id='word_1_65' title='bbox 81 2066 150 2119; x_wconf 90' lang='lat' dir='ltr'>opus</span> <span class='ocrx_word' id='word_1_66' title='bbox 169 2067 230 2104; x_wconf 87' lang='lat' dir='ltr'>esse</span> <span class='ocrx_word' id='word_1_67' title='bbox 248 2049 435 2117; x_wconf 89' lang='lat' dir='ltr'>arbitraretur,</span> <span class='ocrx_word' id='word_1_68' title='bbox 447 2049 486 2102; x_wconf 92' lang='lat' dir='ltr'>uti</span> <span class='ocrx_word' id='word_1_69' title='bbox 505 2049 534 2101; x_wconf 92' lang='lat' dir='ltr'>in</span> <span class='ocrx_word' id='word_1_70' title='bbox 546 2049 585 2102; x_wconf 91' lang='lat' dir='ltr'>eis</span> <span class='ocrx_word' id='word_1_71' title='bbox 597 2048 666 2102; x_wconf 91' lang='lat' dir='ltr'>locis</span> <span class='ocrx_word' id='word_1_72' title='bbox 678 2048 816 2117; x_wconf 90' lang='lat' dir='ltr'>legionem</span> <span class='ocrx_word' id='word_1_73' title='bbox 828 2049 869 2102; x_wconf 91' lang='lat' dir='ltr'>hi-</span> 
     </span>
     <span class='ocr_line' id='line_1_13' title="bbox 81 2129 869 2200; baseline -0.001 -14"><span class='ocrx_word' id='word_1_74' title='bbox 81 2133 192 2186; x_wconf 92' lang='lat' dir='ltr'>emandi</span> <span class='ocrx_word' id='word_1_75' title='bbox 212 2139 298 2186; x_wconf 75' lang='lat' dir='ltr'>causa</span> <span class='ocrx_word' id='word_1_76' title='bbox 313 2132 465 2186; x_wconf 86' lang='lat' dir='ltr'>collocaret.</span> <span class='ocrx_word' id='word_1_77' title='bbox 505 2130 603 2198; x_wconf 85' lang='lat' dir='ltr'>Galba,</span> <span class='ocrx_word' id='word_1_78' title='bbox 617 2129 747 2184; x_wconf 87' lang='lat' dir='ltr'>secundis</span> <span class='ocrx_word' id='word_1_79' title='bbox 764 2130 869 2200; x_wconf 91' lang='lat' dir='ltr'>aliquot</span> 
     </span>
     <span class='ocr_line' id='line_1_14' title="bbox 80 2212 868 2284; baseline 0 -18"><span class='ocrx_word' id='word_1_80' title='bbox 80 2215 184 2284; x_wconf 89' lang='lat' dir='ltr'>proeliis</span> <span class='ocrx_word' id='word_1_81' title='bbox 204 2214 293 2280; x_wconf 86' lang='lat' dir='ltr'>sactis,</span> <span class='ocrx_word' id='word_1_82' title='bbox 307 2212 481 2280; x_wconf 87' lang='lat' dir='ltr'>castellisque</span> <span class='ocrx_word' id='word_1_83' title='bbox 502 2212 689 2282; x_wconf 91' lang='lat' dir='ltr'>compluribus</span> <span class='ocrx_word' id='word_1_84' title='bbox 710 2229 804 2266; x_wconf 92' lang='lat' dir='ltr'>eorum</span> <span class='ocrx_word' id='word_1_85' title='bbox 824 2230 868 2266; x_wconf 88' lang='lat' dir='ltr'>ex-</span> 
     </span>
     <span class='ocr_line' id='line_1_15' title="bbox 80 2294 868 2365; baseline 0 -16"><span class='ocrx_word' id='word_1_86' title='bbox 80 2296 217 2365; x_wconf 88' lang='lat' dir='ltr'>pugnatis,</span> <span class='ocrx_word' id='word_1_87' title='bbox 230 2294 323 2348; x_wconf 89' lang='lat' dir='ltr'>missis</span> <span class='ocrx_word' id='word_1_88' title='bbox 334 2295 371 2346; x_wconf 91' lang='lat' dir='ltr'>ad</span> <span class='ocrx_word' id='word_1_89' title='bbox 383 2310 447 2347; x_wconf 92' lang='lat' dir='ltr'>eum</span> <span class='ocrx_word' id='word_1_90' title='bbox 458 2295 579 2364; x_wconf 90' lang='lat' dir='ltr'>undique</span> <span class='ocrx_word' id='word_1_91' title='bbox 594 2295 701 2363; x_wconf 91' lang='lat' dir='ltr'>legatis,</span> <span class='ocrx_word' id='word_1_92' title='bbox 715 2295 868 2349; x_wconf 88' lang='lat' dir='ltr'>obsidibus-</span> 
     </span>
     <span class='ocr_line' id='line_1_16' title="bbox 80 2375 868 2447; baseline 0.001 -17"><span class='ocrx_word' id='word_1_93' title='bbox 80 2393 134 2446; x_wconf 88' lang='lat' dir='ltr'>que</span> <span class='ocrx_word' id='word_1_94' title='bbox 153 2377 235 2447; x_wconf 88' lang='lat' dir='ltr'>datis,</span> <span class='ocrx_word' id='word_1_95' title='bbox 251 2386 278 2430; x_wconf 89' lang='lat' dir='ltr'>et</span> <span class='ocrx_word' id='word_1_96' title='bbox 299 2392 368 2446; x_wconf 90' lang='lat' dir='ltr'>pace</span> <span class='ocrx_word' id='word_1_97' title='bbox 388 2375 471 2443; x_wconf 74' lang='lat' dir='ltr'>facta,</span> <span class='ocrx_word' id='word_1_98' title='bbox 490 2377 632 2430; x_wconf 90' lang='lat' dir='ltr'>constituit</span> <span class='ocrx_word' id='word_1_99' title='bbox 653 2377 780 2431; x_wconf 90' lang='lat' dir='ltr'>cohortes</span> <span class='ocrx_word' id='word_1_100' title='bbox 798 2376 868 2431; x_wconf 88' lang='lat' dir='ltr'>duas</span> 
     </span>
     <span class='ocr_line' id='line_1_17' title="bbox 80 2458 868 2528; baseline 0.003 -17"><span class='ocrx_word' id='word_1_101' title='bbox 80 2459 108 2511; x_wconf 92' lang='lat' dir='ltr'>in</span> <span class='ocrx_word' id='word_1_102' title='bbox 122 2459 309 2513; x_wconf 89' lang='lat' dir='ltr'>Nantuatibus</span> <span class='ocrx_word' id='word_1_103' title='bbox 322 2458 463 2524; x_wconf 88' lang='lat' dir='ltr'>collocare,</span> <span class='ocrx_word' id='word_1_104' title='bbox 477 2467 504 2512; x_wconf 92' lang='lat' dir='ltr'>et</span> <span class='ocrx_word' id='word_1_105' title='bbox 522 2459 581 2527; x_wconf 89' lang='lat' dir='ltr'>ipse</span> <span class='ocrx_word' id='word_1_106' title='bbox 599 2475 663 2512; x_wconf 92' lang='lat' dir='ltr'>cum</span> <span class='ocrx_word' id='word_1_107' title='bbox 680 2458 791 2528; x_wconf 91' lang='lat' dir='ltr'>reliquis</span> <span class='ocrx_word' id='word_1_108' title='bbox 809 2459 868 2528; x_wconf 89' lang='lat' dir='ltr'>ejus</span> 
     </span>
     <span class='ocr_line' id='line_1_18' title="bbox 79 2541 867 2612; baseline 0.003 -18"><span class='ocrx_word' id='word_1_109' title='bbox 79 2541 195 2610; x_wconf 90' lang='lat' dir='ltr'>legionis</span> <span class='ocrx_word' id='word_1_110' title='bbox 209 2541 367 2595; x_wconf 88' lang='lat' dir='ltr'>cohortibus</span> <span class='ocrx_word' id='word_1_111' title='bbox 380 2541 408 2594; x_wconf 94' lang='lat' dir='ltr'>in</span> <span class='ocrx_word' id='word_1_112' title='bbox 420 2541 481 2593; x_wconf 89' lang='lat' dir='ltr'>vico</span> <span class='ocrx_word' id='word_1_113' title='bbox 494 2542 688 2609; x_wconf 86' lang='lat' dir='ltr'>Veragrorum,</span> <span class='ocrx_word' id='word_1_114' title='bbox 700 2541 747 2610; x_wconf 92' lang='lat' dir='ltr'>qui</span> <span class='ocrx_word' id='word_1_115' title='bbox 765 2542 867 2612; x_wconf 90' lang='lat' dir='ltr'>appell·</span> 
     </span>
     <span class='ocr_line' id='line_1_19' title="bbox 79 2622 867 2693; baseline 0.003 -17"><span class='ocrx_word' id='word_1_116' title='bbox 79 2632 142 2676; x_wconf 85' lang='lat' dir='ltr'>atur</span> <span class='ocrx_word' id='word_1_117' title='bbox 155 2624 321 2693; x_wconf 84' lang='lat' dir='ltr'>Octodurus,</span> <span class='ocrx_word' id='word_1_118' title='bbox 327 2623 467 2677; x_wconf 87' lang='lat' dir='ltr'>hiemare:</span> <span class='ocrx_word' id='word_1_119' title='bbox 484 2622 530 2691; x_wconf 91' lang='lat' dir='ltr'>qui</span> <span class='ocrx_word' id='word_1_120' title='bbox 540 2622 626 2691; x_wconf 86' lang='lat' dir='ltr'>vicus,</span> <span class='ocrx_word' id='word_1_121' title='bbox 637 2622 743 2693; x_wconf 86' lang='lat' dir='ltr'>positus</span> <span class='ocrx_word' id='word_1_122' title='bbox 752 2625 867 2691; x_wconf 84' lang='lat' dir='ltr'>invalie,</span> 
     </span>
     <span class='ocr_line' id='line_1_20' title="bbox 80 2704 884 2775; baseline -0.007 -17"><span class='ocrx_word' id='word_1_123' title='bbox 80 2720 136 2758; x_wconf 89' lang='lat' dir='ltr'>non</span> <span class='ocrx_word' id='word_1_124' title='bbox 159 2713 263 2775; x_wconf 76' lang='lat' dir='ltr'>magna</span> <span class='ocrx_word' id='word_1_125' title='bbox 285 2705 396 2775; x_wconf 70' lang='lat' dir='ltr'>adjecta</span> <span class='ocrx_word' id='word_1_126' title='bbox 418 2704 541 2775; x_wconf 89' lang='lat' dir='ltr'>planitie,</span> <span class='ocrx_word' id='word_1_127' title='bbox 561 2704 710 2760; x_wconf 77' lang='lat' dir='ltr'>altissimis</span> <span class='ocrx_word' id='word_1_128' title='bbox 728 2706 884 2757; x_wconf 56' lang='lat' dir='ltr'>insomnes</span> 
     </span>
     <span class='ocr_line' id='line_1_21' title="bbox 468 2801 489 2844; baseline 0 0"><span class='ocrx_word' id='word_1_129' title='bbox 468 2801 489 2844; x_wconf 71' lang='lat' dir='ltr'>B</span> 
     </span>
    </p>
   </div>
   <div class='ocr_carea' id='block_1_5' title="bbox 0 0 986 3336">
    <p class='ocr_par' dir='ltr' id='par_1_5' title="bbox 0 0 986 3336">
     <span class='ocr_line' id='line_1_22' title="bbox 0 0 986 3336; baseline 0 2"><span class='ocrx_word' id='word_1_130' title='bbox 0 0 986 3336; x_wconf 95' lang='lat' dir='ltr'> </span> 
     </span>
    </p>
   </div>
  </div>
 </body>
</html>
