1964 3336
66 236 99 302 o
274 227 438 307 cJorn
458 227 643 294 casamo

62 374 223 443 consequuti
246 391 379 444 magnum
396 393 540 431 numerum
557 395 653 433 eorum
670 379 849 439 occiderunt.

63 457 180 526 reliquos
204 457 310 526 equites
333 459 492 526 consectati,
517 476 629 527 paucos,
653 460 700 528 qui
727 476 762 513 ex
784 461 852 529 fuga

62 548 214 608 evaserant,
235 538 408 607 reliquerunt
453 541 508 608 Sic,
528 558 584 594 uno
608 549 740 610 tempore,
763 552 791 596 et
814 543 853 598 de

62 622 153 674 navali
171 628 265 690 pugna
283 621 411 688 Sabinus,
425 630 451 675 et
467 623 502 675 de
517 623 614 676 Sabini
627 624 742 677 victoria
755 625 851 679 Caesar

62 704 160 756 certior
171 704 275 768 factus3
294 703 473 773 civitatesque
485 719 580 758 omnes
594 721 624 759 se
636 706 731 759 statim
743 707 851 760 Titurio

61 785 231 839 dediderunt
263 787 385 853 Nam,ut
395 786 431 838 ad
440 786 513 839 bella
522 786 697 854 suscipienda
707 788 850 841 Gallorum

61 867 152 920 alacer
163 883 196 920 ac
205 875 348 935 promptus
361 877 403 921 est
415 867 532 935 animus,
541 868 581 922 sic
593 869 684 922 mollis
692 886 725 922 ac
734 870 850 925 minime

60 949 190 1003 resistens
199 949 234 1002 ad
242 949 413 1003 calamitates
421 949 595 1017 perferendas
605 966 684 1003 mens
692 967 787 1004 eorum
798 961 848 1006 est

95 1032 157 1084 XX.
178 1031 287 1084 Eodem
298 1031 354 1085 fere
363 1040 495 1099 tempore,
504 1032 617 1084 Publius
629 1033 753 1100 Crassus,
763 1049 849 1101 quum

60 1112 89 1165 in
101 1112 281 1181 Aquitaniam
298 1113 565 1181 pervenisset—quae
583 1129 655 1181 pars,
668 1122 698 1167 ut
714 1121 780 1167 ante
791 1114 848 1168 dic·

59 1205 118 1249 tum
131 1205 180 1264 est,
188 1204 216 1250 et
227 1195 371 1264 regionum
377 1195 530 1262 latitudine,
540 1204 566 1248 et
576 1195 751 1248 multitudine
759 1195 848 1248 homi-

59 1293 134 1345 num,
146 1294 180 1331 ex
197 1278 278 1331 tertia
295 1287 373 1346 parte
392 1277 491 1330 Galliae
505 1285 547 1330 est
562 1276 849 1346 aestimanda—quum

59 1359 221 1427 intelligeret
238 1360 267 1412 in
284 1361 328 1412 his
347 1359 414 1412 locis
433 1359 485 1412 sibi
503 1360 606 1412 bellum
624 1359 782 1427 gerendum,
800 1359 848 1413 ubi

58 1441 154 1508 paucis
166 1450 231 1495 ante
240 1442 321 1494 annis
335 1441 434 1493 Lucius
444 1441 570 1493 Valerius
580 1440 765 1508 Praeconinus,
773 1442 847 1509 lega·

58 1529 110 1589 tus,
129 1523 248 1575 exercitu
272 1522 360 1590 pulso,
381 1521 540 1575 interfectus
564 1531 645 1590 esset,
670 1531 753 1591 atque
773 1522 848 1577 unde

60 1603 160 1656 Lucius
180 1604 320 1671 Manilius,
341 1604 495 1672 proconsul,
514 1603 719 1671 impedimentis
736 1604 846 1657 amissis

58 1684 229 1753 profugisset,
242 1701 298 1738 non
314 1685 482 1738 mediocrem
500 1685 553 1739 sibi
566 1685 737 1753 diligentiam
749 1685 846 1739 adhib·

57 1767 160 1820 endam
177 1767 354 1835 intelligebat.
387 1770 484 1836 Itaque
499 1783 529 1820 re
541 1767 719 1820 frumentaria
727 1767 846 1836 provisa,

57 1850 165 1904 auxiliis
174 1850 351 1919 equitatuque
360 1859 528 1918 comparato,
536 1850 629 1903 multis
638 1859 772 1918 praeterea
779 1850 846 1904 viris

57 1931 172 1986 fortibus
194 1931 305 1998 Tolosa,
320 1932 484 1998 Carcasone,
497 1939 525 1983 et
545 1931 686 1998 Narbone,
703 1946 766 1999 quae
782 1941 846 1984 sunt

57 2013 182 2067 civitates
195 2013 294 2067 Galliae
313 2012 474 2079 Provinciae,
486 2012 611 2066 finitimae
622 2012 667 2064 his
679 2012 845 2081 regionibus,

57 2094 222 2148 nominatim
234 2093 362 2161 evocatis,
373 2093 401 2146 in
416 2093 552 2146 Sotiatum
564 2095 633 2146 fines
646 2093 795 2148 exercitum
804 2094 845 2147 in·

57 2176 183 2229 troduxic
222 2176 306 2244 Cujus
325 2175 444 2228 adventu
462 2175 580 2243 cognito,
595 2175 723 2243 SotiateS,
735 2175 844 2244 magnis

57 2257 144 2325 copiis
156 2258 269 2326 coactis,
281 2258 466 2325 equitatuque,
479 2274 534 2326 quo
546 2257 695 2325 plurimum
706 2257 844 2325 valebant,

56 2337 85 2391 in
104 2338 201 2393 itinere
218 2354 318 2406 agmen
334 2347 458 2390 nostrum
476 2337 573 2406 adorti,
586 2338 706 2406 primum
718 2347 845 2406 equestre

56 2422 184 2489 proelium
201 2420 413 2475 commiserunt:
431 2419 539 2486 deinde,
551 2419 674 2488 equitatu
692 2435 743 2472 suo
755 2420 844 2488 pulso,

56 2513 138 2573 atque
150 2502 357 2573 insequentibus
368 2501 478 2569 nostris,
488 2501 579 2553 subito
588 2501 729 2568 pedestres
739 2501 843 2570 copias,

55 2603 124 2655 quas
143 2587 172 2638 in
185 2585 309 2640 convalle
326 2583 356 2636 in
373 2583 479 2636 insidiis
492 2583 703 2650 collocaverant,
716 2583 843 2636 ostende·

56 2677 124 2721 runt.
164 2668 211 2735 Hi,
224 2676 332 2720 nostros
351 2665 481 2735 disjectos
494 2663 592 2731 adorti,
604 2664 734 2733 proelium
747 2681 843 2718 renov-

56 2759 142 2802 arunt

14 3034 75 3139 't
