1964 3336
95 125 127 168 ιο
308 110 337 164 c.
358 110 475 180 Juzrr
490 110 674 167 cAEsAnrs

125 252 202 306 XIV.
223 251 417 320 Compluribus
446 252 609 321 expugnatis
633 252 751 320 oppidis,
776 253 880 322 Caesar,

92 332 137 386 ubi
155 332 288 386 intellexit
303 333 405 387 fmstra
422 342 531 386 tantum
548 333 672 386 laborem
691 334 769 403 sumi,
790 351 881 405 neque

92 414 213 467 hostium
233 415 329 483 fugam
351 415 440 484 captis
461 414 571 484 oppidis
592 415 712 484 reprimi,
725 432 816 485 neque
836 416 881 469 bis

93 496 185 550 noceri
197 514 286 566 posse,
301 497 396 550 statuit
409 497 625 565 exspectandam
644 498 772 551 classem.
811 499 882 566 Quae

94 579 138 632 ubi
152 579 288 646 convenit,
297 595 330 631 ac
342 578 462 647 primum
469 579 505 631 ab
512 579 638 632 hostibus
646 579 706 632 visa
715 589 765 648 est,
774 580 882 635 circiter

92 660 219 713 ducentae
232 668 259 714 et
271 659 368 728 viginti
380 676 466 713 naves
483 677 579 714 eorum
596 661 781 728 paratissimae
798 671 882 732 atque

92 741 168 795 omni
188 757 289 809 genere
313 757 451 794 armorum
475 742 666 811 ornatissimae,
691 743 824 812 profectae
849 761 882 798 ex

94 833 180 892 portu,
204 823 306 877 nostris
330 825 455 877 adversae
479 825 677 880 constiterunt:
694 842 785 894 neque
814 827 882 880 satis

93 907 188 973 Bruto,
200 905 247 974 qui
260 904 342 959 classi
354 914 479 974 praeerat,
490 906 535 959 vel
547 905 664 960 tribunis
682 907 801 960 militum
819 924 882 962 cen·

93 987 308 1055 tumoribusque,
317 987 417 1056 quibus
427 986 544 1055 singulae
552 1003 638 1041 naves
646 997 725 1043 erant
734 989 881 1058 attributae,

94 1068 248 1136 constabat,
260 1068 329 1138 quid
340 1077 463 1137 agerent,
475 1078 523 1122 aut
536 1085 620 1137 quam
632 1070 769 1123 rationem
782 1087 883 1140 pugnae

93 1150 257 1205 insisterent
295 1152 396 1204 Rostro
414 1150 489 1203 enim
506 1150 599 1203 noceri
617 1167 674 1203 non
685 1167 768 1220 posse
781 1165 882 1220 cogno-

96 1241 191 1285 verant
198 1251 205 1296 ;
223 1232 342 1286 turribus
351 1240 443 1285 autem
456 1231 589 1300 excitatis,
596 1240 690 1286 tamen
701 1234 753 1287 has
766 1234 883 1287 altitudo

94 1314 230 1383 puppium
250 1330 284 1367 ex
302 1313 427 1367 barbaris
445 1313 563 1366 navibus
582 1315 738 1382 superabat,
750 1323 782 1367 ut
793 1332 884 1384 neque

94 1412 128 1448 ex
139 1395 266 1450 inferiore
277 1396 339 1449 loco
351 1397 419 1450 satis
431 1395 577 1449 commode
594 1397 650 1450 tela
661 1396 745 1466 adjici
757 1407 881 1465 possent,

94 1485 123 1529 et
143 1477 229 1529 missa
246 1477 283 1529 ab
302 1476 390 1530 Gallis
407 1477 518 1546 gravius
536 1476 702 1532 acciderent.
741 1479 806 1532 Una
824 1488 884 1532 erat

93 1575 196 1627 magno
204 1559 265 1612 usui
274 1575 318 1613 res
326 1558 717 1628 praeparataanostris,falces
726 1568 881 1627 praeacutae,

94 1640 205 1694 insertae
228 1640 373 1710 affixaeque
396 1639 538 1708 longuriis,
562 1656 619 1692 non
643 1640 763 1693 absimili
794 1640 883 1693 forma

94 1723 241 1776 muralium
252 1723 371 1776 falcium.
410 1723 464 1775 His
477 1738 562 1791 quum
579 1722 667 1788 funes,
681 1722 728 1790 qui
746 1731 883 1776 antennas

94 1805 131 1860 ad
160 1807 249 1859 malos
279 1803 464 1870 destinabant,
494 1803 686 1872 comprehensi
715 1804 883 1872 adductique

94 1896 180 1955 erant,
193 1887 303 1954 navigio
315 1886 398 1938 remis
410 1885 524 1938 incitato
534 1884 795 1953 praerumpebantur.
817 1886 883 1954 Qui-

95 1969 145 2021 bus
165 1968 304 2035 abscissis,
317 1976 446 2020 antennae
464 1967 620 2020 necessario
639 1966 831 2035 concidebant,
844 1976 882 2036 ut,

94 2065 180 2118 quum
198 2049 289 2102 omnis
303 2048 417 2103 Gallicis
438 2048 556 2102 navibus
577 2065 641 2117 spes
659 2048 688 2101 in
706 2048 774 2102 velis
792 2066 882 2102 arma-

94 2131 249 2201 mentisque
283 2131 452 2198 consisteret,
483 2129 526 2183 his
557 2130 667 2198 ereptis,
697 2131 787 2184 omnis
816 2147 883 2184 usus

94 2213 208 2267 navium
231 2230 287 2266 uno
312 2223 437 2282 tempore
461 2212 617 2280 eriperetur.
655 2212 802 2280 Reliquum
825 2222 883 2266 erat
923 2272 926 2278 ,

94 2305 235 2349 certamen
246 2295 368 2363 positum
380 2295 409 2346 in
421 2294 528 2360 virtute,
537 2300 592 2362 qua
599 2294 686 2347 nostri
693 2293 793 2347 milites
801 2294 883 2348 facile

95 2378 272 2447 superabant,
293 2385 377 2445 atque
400 2391 434 2428 eo
457 2376 555 2443 magis,
581 2374 657 2443 quod
680 2375 709 2427 in
733 2386 881 2444 conspectu

96 2459 215 2512 Caesaris
236 2468 321 2527 atque
342 2457 433 2512 omnis
453 2456 588 2510 exercitus
611 2472 656 2511 res
678 2457 831 2527 gerebatur,
853 2466 883 2512 ut

96 2539 201 2592 nullum
213 2541 296 2619 paulo
315 2541 412 2594 fortius
430 2539 536 2593 factum
554 2538 641 2591 latere
658 2548 768 2613 posset:
786 2557 883 2593 omnes
