1964 3336
182 251 242 312 nn
263 251 398 311 numo
423 249 604 325 causeo,
621 248 697 310 iro.
716 247 772 311 m.
840 261 871 326 ις

119 399 199 451 ΧΧΙ.
226 398 383 465 Pugnatum
411 403 453 448 est
477 394 524 448 diu
549 403 632 464 atque
655 396 763 463 acriter,
788 409 872 464 quum

87 479 215 546 Sotiates,
234 476 418 546 superioribus
436 477 556 532 victoriis
574 477 644 546 freti,
660 478 689 529 in
707 484 757 531 sua
774 478 874 532 virtute

86 562 169 616 totius
181 560 339 630 Aquitaniae
357 561 475 614 salutem
490 561 611 628 positam
622 569 750 628 putarent
758 579 765 624 ;
786 559 872 613 nostri

84 653 188 712 autem,
200 644 266 713 quid
279 643 338 696 sine
350 643 521 710 imperatore,
530 651 558 696 et
570 642 630 696 sine
641 643 751 711 reliquis
761 643 873 711 legioni·

85 729 146 796 bus,
165 727 371 780 adolescentulo
392 726 470 793 duce,
489 725 597 780 efficere
616 734 737 794 possent,
755 725 873 794 perspici

86 818 224 878 cuperent.
253 807 387 876 Tandem,
396 807 787 876 consectivulneribus‚hostes
796 817 873 876 terga

85 900 198 945 vertere.
231 892 354 958 Quorum
363 906 464 958 magno
473 906 587 943 numero
597 890 747 958 interfecto,
758 891 873 943 Crassus

85 990 119 1027 ex
149 972 247 1025 itinere
275 970 408 1040 oppidum
432 971 569 1024 Sotiatum
599 987 757 1041 oppugnare
780 972 872 1040 coepit

88 1055 195 1122 Quibus
214 1053 319 1107 sortiter
336 1052 534 1120 resistentibus,
546 1052 641 1107 vineas
656 1048 799 1122 turresque
810 1053 873 1121 egit

88 1135 141 1203 illi,
154 1135 222 1189 alias
235 1134 377 1203 eruptione
383 1141 497 1202 tentata,
505 1135 574 1189 alias
586 1135 719 1190 cuniculis
731 1136 768 1189 ad
780 1152 874 1205 agger-

86 1233 131 1270 em
143 1216 295 1285 vineasque
306 1215 489 1283 actis-cujus
501 1217 539 1269 rei
552 1225 616 1270 sunt
627 1217 709 1285 longe
716 1217 875 1285 peritissimi

86 1298 228 1367 Aquitani,
252 1305 397 1366 propterea
420 1297 495 1366 quod
518 1297 612 1351 multis
635 1298 704 1352 locis
728 1299 803 1366 apud
827 1315 875 1352 eos

87 1381 192 1434 aerariae
203 1389 319 1434 secturae
331 1381 477 1434 sunt-ubi
487 1380 631 1449 diligentia
639 1389 795 1435 nostrorum
807 1381 876 1434 nihil

86 1463 130 1516 his
151 1463 233 1516 rebus
257 1462 353 1531 profici
376 1478 458 1530 posse
485 1462 683 1532 intellexerunt,
710 1465 815 1532 legatos
839 1462 876 1515 ad

89 1545 221 1598 Crassum
238 1544 359 1613 mittunt,
378 1560 462 1613 seque
479 1545 507 1598 in
526 1545 696 1601 deditionem
714 1555 744 1600 ut
762 1545 876 1615 recipiat

87 1635 191 1695 petunt.
229 1627 292 1694 Qua
309 1627 505 1696 reimpetrata,
518 1629 715 1682 annatradere
730 1628 808 1697 jussi,
820 1628 875 1681 fac-

87 1709 154 1763 iunt

122 1791 219 1844 XXII.
237 1790 590 1860 Atque‚ineareomnium
599 1800 755 1845 nostrorum
764 1792 876 1845 intentis

88 1872 197 1941 animis,
206 1873 262 1926 alia
273 1882 393 1940 exparte
405 1873 499 1942 oppidi
509 1873 735 1941 Adcantuannus‚
746 1875 792 1942 qui
802 1890 875 1926 sum-

88 1971 165 2008 mam
182 1954 289 2023 imperii
307 1955 427 2023 tenebat,
444 1971 508 2008 cum
526 1956 660 2009 sexcentis
679 1955 793 2024 devotis,
807 1972 876 2024 quos

88 2037 127 2089 illi
144 2036 280 2089 soldurios
298 2036 589 2105 appellant-quorum
606 2037 668 2091 haec
686 2046 728 2091 est
746 2037 875 2105 conditio,

88 2118 128 2172 uti
140 2119 269 2171 omnibus
281 2118 310 2170 in
318 2119 377 2172 vita
389 2119 543 2172 commodis
552 2136 608 2172 una
617 2136 681 2173 cum
689 2120 733 2173 his
745 2119 875 2189 fruantur,

89 2217 206 2270 quorum
223 2216 254 2254 se
265 2200 395 2253 amicitiae
407 2200 562 2254 dediderint
569 2220 577 2265 ;
598 2201 621 2253 si
635 2201 701 2270 quid
713 2201 747 2254 iis
760 2219 809 2270 per
819 2202 877 2254 vim

89 2281 207 2350 accidat,
227 2290 276 2335 aut
299 2282 417 2335 eundem
439 2298 534 2335 casum
553 2299 609 2335 una
632 2283 728 2351 ferant,
751 2293 798 2337 aut
822 2283 876 2336 sibi

88 2374 206 2419 mortem
213 2364 400 2418 consciscant:
412 2379 502 2432 neque
509 2364 599 2419 adhuc
606 2365 752 2419 hominum
759 2382 876 2419 memor·

89 2447 117 2500 ia
134 2455 257 2515 repertus
276 2455 318 2500 est
336 2446 491 2515 quisquam,
511 2447 567 2515 qui,
585 2463 618 2501 eo
636 2448 787 2515 interfecto,
799 2447 876 2515 cujus

89 2544 120 2584 se
131 2529 262 2583 amicitiae
272 2528 454 2597 devovissent,
464 2538 581 2582 mortem
593 2539 830 2584 recusaret-cum
843 2530 876 2584 iis
971 2555 976 2566 “

92 2611 308 2666 Adcantuannus
327 2612 498 2679 eruptionem
516 2612 607 2665 facere
619 2621 743 2681 conatus,
756 2613 877 2669 clamore

89 2693 253 2760 abeiparte
260 2693 420 2746 munitionis
428 2693 544 2761 subiato,
553 2709 638 2761 quum
645 2694 682 2747 ad
690 2695 876 2750 armamilites

90 2775 292 2831 concurrissent
311 2776 542 2844 vehementerque
565 2775 604 2829 ibi
623 2786 779 2847 pugnatum
794 2786 887 2840 esset„
