1964 3336
96 262 128 317 ιε
306 257 335 314 e.
353 258 472 329 Jmn
490 252 676 312 cAEsxnrs
773 213 775 218 ’

94 397 218 466 repulsus
238 398 268 450 in
289 397 429 466 oppidum,
446 406 540 452 tamen
560 396 601 450 uti
616 397 716 451 eadem
734 396 883 452 deditionis

94 479 252 534 conditione
263 487 384 533 uteretur
395 481 432 531 ab
446 480 547 532 Crasso
559 479 724 548 impetravit.

128 563 241 626 XXIII.
260 561 354 613 Armis
371 560 567 629 obsidibusque
579 560 710 629 acceptis,
725 561 842 613 Crassus
854 560 884 612 in

94 643 162 696 fines
175 643 323 696 Vocatium
334 651 362 696 et
380 642 558 695 Tarusatium
571 643 710 710 profectus
722 651 772 696 est
809 645 884 696 Tum

94 741 157 778 vero
169 724 280 778 barbari
293 723 433 791 commoti,
441 722 516 792 quod
529 723 669 792 oppidum,
679 733 707 777 et
718 730 818 777 natura
829 721 884 777 loci

93 816 121 860 et
133 824 218 859 manu
229 805 374 874 munitum,
386 805 482 874 paucis
495 805 601 873 diebus,
614 806 713 874 quibus
726 822 760 860 eo
769 815 884 860 ventum

93 897 160 956 erat,
169 896 355 956 expugnatum
364 878 668 955 cognoverantlegatos
677 904 883 956 quoquoversus

93 970 239 1038 dimittere,
259 970 409 1038 conjurare,
428 969 540 1022 obsides
560 969 631 1022 inter
649 985 680 1023 se
697 969 772 1037 dare,
784 971 881 1038 copias

93 1068 190 1120 parare
202 1060 352 1119 coeperunt.
390 1051 540 1104 Mittuntur
550 1050 635 1104 etiam
647 1051 685 1104 ad
697 1067 744 1104 eas
757 1052 883 1106 civitates

92 1133 184 1201 legati,
198 1149 260 1203 quae
272 1142 335 1186 sunt
348 1132 481 1186 citerioris
493 1132 647 1199 Hispaniae,
659 1132 785 1186 finitimae
796 1132 883 1202 Aqui·

93 1216 193 1270 taniae:
208 1216 273 1269 inde
285 1214 386 1268 auxilia
398 1215 537 1282 ducesque
546 1223 729 1268 arcessuntur.
758 1215 883 1282 Quorum

93 1297 214 1351 adventu
223 1303 326 1365 magna
335 1313 398 1350 cum
407 1296 577 1363 auctoritate,
586 1303 613 1348 et
621 1300 725 1363 magna
732 1312 796 1349 cum
803 1297 882 1349 hom·

93 1380 171 1433 inum
188 1379 371 1446 multitudine,
382 1378 486 1433 bellum
502 1375 596 1446 gerere
608 1387 749 1432 conantur.
787 1381 882 1434 Duces

93 1476 158 1514 vero
182 1460 200 1512 ii
222 1460 386 1528 deliguntur,
408 1460 454 1528 qui
475 1477 532 1512 una
552 1477 616 1513 cum
636 1460 740 1528 Quinto
762 1461 882 1514 Sertorio

93 1558 189 1595 omnes
214 1558 302 1595 annos
326 1542 443 1609 fuerant,
462 1558 654 1611 summamque
674 1541 820 1595 scientiam
843 1542 882 1595 rei

93 1623 218 1676 militaris
236 1623 338 1676 habere
355 1623 589 1676 existimabantur.
627 1622 666 1676 Hi
683 1623 883 1676 consuetudine

94 1705 192 1772 Populi
213 1704 333 1756 Romani
354 1705 417 1757 loca
438 1719 543 1773 capere,
561 1713 653 1757 castra
671 1704 786 1771 munire,
806 1721 882 1757 com·

92 1787 228 1840 meatibus
242 1796 350 1840 nostros
360 1787 540 1840 intercludere
547 1786 700 1840 instituunt
739 1786 821 1854 Quod
833 1787 881 1840 ubi

95 1871 211 1923 Crassus
232 1869 435 1938 animadvertit,
452 1885 516 1922 suas
532 1868 627 1936 copias
648 1877 760 1936 propter
778 1868 882 1936 exigui·

93 1959 178 2004 tatem
197 1968 254 2004 non
272 1951 354 2004 facile
372 1950 473 2018 diduci,
490 1951 600 2004 hostem
618 1959 646 2004 et
663 1951 759 2018 vagari
777 1960 804 2004 et
821 1951 882 2004 vias

93 2033 219 2086 obsidere
231 2041 258 2086 et
271 2033 368 2085 castris
379 2033 446 2085 satis
455 2032 576 2100 praesidii
588 2032 757 2102 relinquere;
772 2032 808 2086 ob
817 2048 881 2086 eam

93 2130 206 2166 causam
214 2113 305 2166 minus
313 2115 459 2167 commode
466 2113 633 2167 frumentum
640 2122 883 2182 commeatumque

93 2195 145 2248 sibi
164 2194 333 2263 supportari3
352 2194 381 2248 in
399 2195 459 2248 dies
476 2195 598 2249 hostium
610 2211 755 2249 numerum
771 2195 878 2263 augeri3

92 2292 148 2329 non
162 2275 348 2329 cunctandum
357 2276 530 2344 exIstimavit‚
540 2277 607 2345 quin
616 2283 710 2346 pugna
719 2276 880 2331 decertaret.

93 2360 156 2412 Hac
169 2375 199 2412 re
209 2358 247 2411 ad
259 2358 405 2412 consilium
417 2358 517 2426 delata,
526 2358 573 2412 ubi
587 2374 682 2411 omnes
695 2357 769 2411 idem
779 2359 882 2412 sentire

92 2440 231 2509 intellexit,
244 2448 385 2509 posterum
397 2441 471 2494 diem
483 2457 583 2508 pugnae
596 2440 744 2494 constituit

126 2523 232 2577 XXIV.
260 2522 354 2576 Prima
376 2522 445 2590 luce,
469 2522 610 2591 productis
631 2522 759 2575 omnibus
783 2523 880 2592 copiis,

91 2605 193 2674 duplici
206 2605 266 2659 acie
277 2605 410 2673 instituta,
423 2604 531 2658 auxiliis
541 2605 570 2658 in
582 2604 704 2659 mediam
716 2605 805 2657 aciem
814 2621 880 2658 con-

90 2687 178 2758 jectis,
199 2688 266 2757 quid
289 2689 384 2742 hostes
408 2688 516 2742 consilii
535 2696 667 2756 caperent
691 2689 877 2756 exspectabat

92 2769 144 2840 Illi,
163 2769 215 2824 etsi
245 2780 357 2840 propter
380 2769 592 2839 multitudinem,
616 2778 644 2824 et
667 2780 789 2826 veterem
812 2771 878 2825 belli
