1964 3336
109 238 138 292 ιε
314 238 343 292 c.
362 238 478 308 Jvnrr
500 238 681 291 caesaris

104 376 213 445 relictae,
225 377 326 431 intritae
342 379 378 431 ab
396 378 490 431 labore
507 386 593 445 erant,
606 386 634 431 et
651 376 776 445 longiore
793 376 893 432 itinero

104 458 305 526 circumductis,
315 476 350 512 ne
359 476 393 512 ex
401 459 522 512 hostium
531 459 629 512 castris
639 458 760 527 conspici
768 469 891 528 possent,

103 540 225 592 omnium
246 541 332 595 oculis
351 541 542 610 mentibusque
563 540 601 593 ad
623 557 746 609 pugnam
769 541 891 610 intentis,

103 623 226 676 celeriter
243 624 280 676 ad
292 640 348 691 eas,
361 640 429 692 quas
442 623 568 689 diximus,
582 623 748 676 munitiones
760 639 891 691 pervene-

103 715 173 772 runt,
193 714 283 774 atque,
301 706 345 759 his
363 706 489 774 prorutis,
508 706 582 774 prius
602 707 630 758 in
649 706 771 758 hostium
792 707 890 761 castris

103 787 291 855 constiterunt,
304 804 388 856 quam
405 787 488 855 plane
500 788 536 840 ab
549 787 583 840 iis
594 787 689 855 videri,
703 796 757 854 aut,
771 787 838 855 quid
850 788 890 842 rei

102 877 248 935 gereretur,
261 868 390 936 cognosci
408 878 509 936 posset.
545 870 619 921 Tum
634 884 708 937 vero,
720 869 841 923 clamore
853 871 889 923 ab

102 956 136 1002 ea
154 960 231 1017 parte
249 950 352 1017 audito,
370 950 456 1002 nostri
476 951 666 1018 redintegratis
683 950 795 1018 viribus,
814 953 889 1020 quod

102 1032 261 1101 plerumque
273 1033 301 1084 in
314 1049 363 1101 spe
373 1032 496 1085 victoriae
505 1033 630 1086 accidere
638 1032 789 1100 consuevit,
798 1034 889 1087 acrius

102 1114 263 1182 impugnare
275 1124 424 1183 coeperunt.
456 1116 560 1167 Hostes
573 1115 694 1183 undique
701 1114 889 1184 circumventi,

101 1196 253 1264 desperatis
261 1197 388 1249 omnibus
399 1198 487 1262 rebus,
498 1212 584 1263 seper
593 1197 758 1249 munitiones
771 1197 889 1265 dejicere

100 1287 128 1331 et
140 1279 205 1345 fuga
214 1278 331 1332 salutem
340 1287 432 1346 petere
444 1279 626 1331 intenderunt
664 1278 740 1346 Quos
750 1280 887 1347 equitatus

101 1360 280 1426 apertissimis
300 1361 405 1428 campis
424 1368 606 1427 consectatus,
625 1376 658 1413 ex
675 1360 792 1413 millium
810 1362 888 1430 quin·

100 1442 232 1509 quaginta
249 1458 371 1510 numere,
390 1458 452 1510 quae
473 1459 506 1495 ex
518 1442 669 1511 Aquitania
687 1444 888 1514 Cantabrisque

99 1523 262 1575 convenisse
274 1524 426 1590 constabat,
434 1523 479 1576 vix
491 1530 588 1592 quarta
600 1533 678 1591 parte
689 1524 790 1592 relicta,
800 1527 889 1579 multa

100 1612 180 1656 nocte
192 1619 222 1655 se
234 1604 263 1655 in
275 1613 366 1656 castra
377 1605 486 1673 recepit.

134 1687 255 1738 XXVII.
268 1685 331 1738 Hac
339 1687 434 1738 audita
442 1693 650 1755 pugna,magna
656 1705 721 1756 pars
730 1689 888 1757 Aquitaniae

99 1784 160 1820 sese
179 1768 280 1820 Crasso
293 1768 407 1836 dedidit,
420 1770 586 1837 obsidesque
598 1770 668 1822 ultro
681 1770 772 1823 misit:
791 1787 845 1838 quo
858 1773 887 1824 in

100 1867 213 1903 numero
225 1851 332 1904 fuerunt
345 1851 475 1918 Tarbelli,
489 1852 670 1918 BigerrioneS,
685 1853 818 1919 Preciani,
831 1855 886 1906 Vo-

100 1943 183 2000 cates,
196 1935 354 2000 Tarusates,
364 1934 502 2001 Elusates,
513 1934 629 2000 GariteS,
638 1933 732 2001 Ausci,
744 1935 886 2004 Garumni,

100 2013 249 2081 Sibuzates,
260 2015 417 2067 Cocosates.
451 2017 551 2068 Paucae
560 2016 665 2067 ultimae
676 2017 811 2084 nationes,
820 2018 886 2070 anni

99 2105 221 2163 tempore
242 2095 363 2161 confisae,
382 2095 457 2163 quod
478 2097 567 2148 hiems
586 2098 705 2165 suberat,
723 2099 776 2151 hoc
794 2099 886 2154 facere

97 2177 279 2243 neglexerunt

133 2260 270 2312 XXVIII.
303 2259 411 2312 Eodem
423 2260 478 2313 lere
488 2270 611 2329 tempore
625 2262 727 2330 Caesar,
735 2263 786 2315 etsi
799 2280 886 2331 prope

96 2349 193 2394 exacta
211 2339 270 2408 jam
291 2351 374 2394 aestas
393 2352 459 2410 erat,
478 2352 580 2410 tamen,
599 2343 681 2410 qudd.
699 2344 774 2396 omni
793 2346 886 2398 Gallia

96 2427 203 2490 pacata,
218 2421 320 2474 Morini
334 2424 513 2493 Menapiique
525 2434 691 2494 supererant,
703 2427 749 2493 qui
762 2426 790 2478 in
800 2428 885 2480 annis

96 2513 187 2557 essent
199 2520 289 2573 neque
301 2504 413 2558 adeum
422 2524 544 2576 unquam
556 2509 662 2575 legatos
673 2509 707 2561 de
716 2525 785 2576 pace
794 2509 885 2562 misis-

95 2593 165 2651 sent,
177 2587 325 2640 arbitratus
337 2588 366 2640 id
378 2589 480 2642 bellum
498 2591 621 2644 celeriter
637 2592 735 2643 confici
747 2608 838 2661 posse,
851 2610 885 2647 eo

95 2666 244 2720 exercitum
256 2670 381 2722 adduxit:
399 2671 445 2738 qui
458 2672 539 2740 longe
551 2673 606 2725 alia
618 2673 732 2741 ratione,
741 2691 774 2727 ac
787 2675 885 2744 reliqui

97 2745 177 2813 Galli,
188 2747 291 2803 bellum
309 2767 390 2822 agere
403 2752 583 2808 instituerunt
621 2757 698 2808 Nam
714 2754 789 2826 quod
805 2756 884 2813 intel·
