1964 3336
91 283 122 321 12
301 269 328 323 C.
347 268 465 339 JULII
486 268 672 322 CAESARIS

87 405 210 460 Titurius
232 406 352 460 Sabinus
372 423 435 460 cum
457 407 491 460 iis
513 407 608 477 copiis,
630 422 699 476 quas
723 422 741 459 a
766 406 878 461 Caesare

88 496 241 556 acceperat,
254 488 283 540 in
301 488 370 542 fines
385 490 548 542 Unellorum
566 490 697 558 pervenit
735 489 789 541 His
807 504 878 557 prae·

89 578 147 623 erat
158 569 310 638 Viridovix,
323 586 357 623 ac
369 587 508 624 summam
526 571 633 639 imperii
651 571 764 625 tenebat
782 586 879 624 earum

89 651 211 705 omnium
221 652 373 720 civitatum,
382 669 445 722 quae
454 652 621 722 defecerant,
629 670 662 707 ex
674 653 774 722 quibus
786 668 878 706 exerc·

88 735 157 788 itum
168 733 340 804 magnasque
353 735 448 803 copias
461 739 596 803 coegerat
627 736 719 804 Atque
727 734 771 788 his
780 734 878 802 paucis

88 815 186 869 diebus
204 816 315 869 Aulerci
328 817 508 885 Eburovices,
523 816 697 886 Lexoviique‚
710 825 809 870 senatu
826 831 878 869 suo

88 897 241 966 interfecto,
254 897 329 968 qudd
341 908 468 953 auctores
480 899 544 953 belli
557 915 619 952 esse
630 899 769 965 nolebant,
781 906 879 966 portas

89 979 246 1034 clauserunt
269 995 354 1050 seque
383 997 448 1035 cum
472 979 631 1035 Viridovice
660 981 878 1049 conjunxerunt3

88 1077 246 1132 magnaque
264 1072 400 1132 praeterea
419 1063 566 1117 multitudo
585 1064 707 1133 undique
730 1079 764 1117 ex
786 1063 880 1117 Gallia

88 1145 258 1213 perditorum
286 1145 431 1199 hominum
459 1147 652 1214 latronumque
682 1153 878 1213 convenerant,

88 1242 158 1296 quos
170 1243 234 1297 spes
252 1228 403 1298 praedandi,
417 1228 592 1297 studiumque
610 1227 740 1295 bellandi,
752 1227 788 1279 ab
806 1227 878 1295 agri·

88 1310 195 1364 cultura
214 1318 242 1364 et
262 1311 423 1380 quotidiano
442 1311 537 1364 labore
558 1311 715 1364 revocabat,
756 1309 879 1363 Sabinus

89 1391 189 1445 idoneo
209 1392 338 1445 omnibus
358 1393 440 1445 rebus
464 1393 527 1447 loco
548 1391 646 1446 castris
671 1407 732 1444 sese
756 1391 878 1460 tenebat,

89 1489 175 1541 quum
187 1473 331 1526 Viridovix
349 1483 446 1527 contra
463 1490 527 1527 eum
546 1474 631 1527 duum
650 1473 766 1527 millium
787 1473 879 1542 spatio

89 1554 268 1623 consedisset,
281 1554 458 1624 quotidieque
469 1556 610 1625 productis
629 1556 716 1626 copiis
734 1555 879 1625 pugnandi

89 1645 256 1704 potestatem
267 1637 385 1703 faceret3
404 1646 435 1691 ut
449 1638 510 1707 jam
522 1655 579 1692 non
598 1639 687 1693 solum
703 1638 830 1693 hostibus
848 1637 879 1692 in

90 1718 324 1788 contemptionem
342 1719 462 1773 Sabinus
476 1720 590 1788 veniret,
605 1720 655 1773 sed
670 1721 754 1773 etiam
770 1729 879 1774 nostro-

89 1817 151 1854 rum
162 1800 281 1854 miIitum
294 1801 408 1856 vocibus
425 1803 551 1855 nonnihil
569 1811 740 1871 carperetur:
758 1810 879 1856 tantam·

90 1899 143 1951 que
163 1884 321 1952 opinionem
340 1884 447 1937 timoris
465 1884 592 1953 praebuit,
603 1893 634 1937 ut
648 1885 709 1953 jam
726 1884 763 1937 ad
774 1885 880 1938 vallum

90 1977 241 2019 castrorum
265 1966 359 2019 hostes
383 1965 516 2019 accedere
539 1967 679 2020 auderent
726 1965 761 2018 Id
784 1971 819 2019 ea
842 1966 880 2020 de

90 2053 176 2101 causa
192 2046 320 2113 faciebat,
334 2046 409 2115 quod
427 2064 491 2100 curn
508 2054 587 2102 tanta
603 2047 779 2101 multitudine
791 2048 879 2102 hosti·

89 2145 144 2196 um,
166 2128 319 2196 praesertim
340 2144 374 2183 eo
397 2128 520 2197 absente,
543 2129 589 2198 qui
611 2146 749 2183 summam
770 2128 880 2199 imperii

90 2218 201 2277 teneret,
222 2209 277 2262 nisi
299 2226 380 2279 aequo
403 2211 473 2278 loco,
495 2220 542 2264 aut
561 2211 765 2279 opportunitate
785 2210 880 2280 aliqua

92 2291 165 2360 data,
178 2293 270 2359 legato
283 2292 473 2345 dimicandum
484 2309 541 2345 non
554 2293 736 2346 existimabat

121 2374 231 2428 XVIII.
248 2375 312 2427 Hac
320 2374 484 2428 confirmata
490 2375 619 2444 opinione
626 2374 740 2441 timoris,
748 2373 881 2428 idoneum

90 2457 231 2525 quendam
242 2455 384 2508 hominem
397 2465 425 2510 et
437 2457 569 2511 callidum
588 2457 697 2524 delegit,
712 2457 834 2525 Gallum,
846 2474 882 2512 ex

89 2538 140 2605 his,
155 2554 224 2607 quos
236 2537 329 2590 auxilii
339 2544 424 2591 causa
433 2539 666 2592 secumhabebat.
687 2537 761 2590 Huic
770 2539 882 2606 magnis

90 2619 211 2688 praemiis
222 2619 519 2689 pollicitationibusque
527 2620 682 2689 persuadet,
690 2620 730 2673 uti
739 2620 776 2672 ad
784 2620 882 2675 hostes

91 2709 215 2754 transeat
225 2720 233 2765 ;
252 2711 288 2768 et,
300 2702 368 2770 quid
386 2702 445 2755 fieri
457 2702 538 2770 velit,¹
546 2702 652 2755 edocet.
691 2702 745 2770 Qui
764 2702 812 2755 nbi
829 2719 883 2772 pro

92 2782 207 2858 perfuga
226 2783 264 2834 ad
284 2800 333 2836 eos
351 2784 435 2850 venit,
455 2785 582 2839 timorem
605 2787 794 2838 Romanorum
818 2801 882 2865 pro·
