1964 3336
195 244 255 313 DE
277 251 411 312 narro
437 256 616 328 carasco
634 246 709 315 rm.
727 247 784 315 lli.
869 270 884 330 3

96 397 157 451 silio
170 397 294 451 celeriter
306 407 465 465 convocato,
475 399 626 452 sententias
639 399 779 466 exquirere
791 401 882 470 coepit.

97 479 160 546 Quo
181 478 210 531 in
234 479 357 547 consilio,
378 495 463 548 quum
484 489 592 534 tantum
612 481 747 550 repentini
772 482 884 550 periculi

96 570 196 628 praeter
216 560 376 630 opinionem
397 562 553 631 accidisset,
575 579 609 616 ac
630 563 690 631 jam
714 563 885 618 omniafere

97 642 238 710 superiora
261 642 324 694 loca
347 643 522 696 multitudine
550 653 719 697 armatorum
748 646 885 713 completa

97 725 329 793 conspicerentur,
341 741 430 793 neque
449 725 572 778 subsidio
590 727 684 792 veniri,
704 743 792 794 neque
811 745 885 781 com-

60 831 64 840 ,
96 812 204 859 meatus
228 807 382 875 supportari
412 807 566 860 interclusis
590 807 733 862 itineribus
763 818 884 876 possent,

95 903 182 956 prope
200 888 260 955 jam
284 887 430 955 desperata]
450 888 546 956 salute,
566 889 706 941 nonnullae
726 890 885 958 hujusmodi

96 968 241 1022 sententiae
249 968 420 1036 dicebantur,
428 979 466 1037 ut,
475 968 680 1038 impedimentis
689 971 797 1037 relictis,
807 989 885 1040 erup-

96 1052 171 1104 tione
178 1051 260 1117 factz't,
269 1050 369 1103 iisdem
380 1051 531 1119 itineribus,
539 1051 639 1120 quibus
647 1069 680 1106 eo
687 1053 883 1121 pervenissent,

95 1133 133 1186 ad
163 1133 280 1184 salutem
310 1132 515 1186 contenderent
563 1133 664 1201 Majori
694 1143 788 1186 tamen
814 1135 885 1201 parti

96 1213 207 1283 placuit,
215 1215 269 1266 hoc
281 1222 421 1268 reservato
431 1214 467 1267 ad
477 1223 629 1268 extremum
640 1214 762 1281 consilio,
775 1215 885 1267 interim

96 1297 135 1349 rei
148 1305 278 1349 eventum
291 1296 414 1365 experiri,
428 1306 456 1351 et
468 1304 560 1349 castra
571 1295 727 1349 defendere.

133 1379 181 1431 IV.
202 1377 283 1431 Brevi
296 1377 385 1447 spatio
395 1379 547 1447 interjecto,
556 1377 601 1431 vix
614 1387 644 1431 ut
657 1377 700 1430 his
712 1378 801 1446 rebus,
815 1394 884 1447 quas

96 1460 310 1527 constituissent,
348 1460 515 1514 collocandis
545 1469 628 1530 atque
658 1461 884 1516 administrandis

96 1551 205 1611 tempus
219 1542 336 1609 daretur,
351 1542 445 1596 hostes
464 1559 497 1596 ex
515 1543 642 1596 omnibus
660 1543 791 1610 partibus,
806 1544 884 1611 signo

96 1624 437 1693 dato,decurrere,lapides
445 1641 575 1693 gaesaque
583 1625 611 1677 in
621 1625 723 1677 vallum
732 1626 883 1693 conjicere:

96 1708 182 1761 nostri
206 1707 295 1776 primo
320 1706 434 1775 integris
458 1707 561 1760 viribus
590 1707 696 1760 fortiter
724 1724 884 1775 repugnare,

96 1807 186 1859 neque
197 1791 282 1842 ullum
290 1787 389 1842 frustra
399 1790 484 1843 telum
497 1806 531 1842 ex
537 1790 599 1842 loco
610 1789 748 1857 superiore
757 1790 866 1842 mittere
878 1808 884 1843 :

96 1882 249 1941 utquaeque
257 1888 321 1940 pars
329 1882 481 1926 castrorum
489 1871 789 1925 nudatadefensoribus
797 1872 884 1938 premi

96 1954 247 2022 videbatur,
261 1971 295 2008 eo
309 1971 460 2023 occurrere,
473 1963 500 2008 et
512 1953 642 2006 auxilium
658 1953 746 2006 ferre:
765 1954 815 2006 sed
831 1955 885 2006 hoc

96 2036 225 2105 superari,
247 2037 322 2107 quod
342 2037 519 2092 diuturnitate
545 2053 646 2105 pugnae
670 2036 764 2090 hostes
784 2035 885 2090 defessi

96 2118 193 2186 proelio
203 2121 381 2187 excedebant,
393 2119 439 2172 alii
448 2119 561 2185 integris
571 2119 673 2171 viribus
684 2117 884 2172 succedebant:

95 2215 212 2268 quarum
232 2218 324 2254 rerum
347 2219 365 2254 a
385 2201 486 2254 nostris
507 2209 618 2268 propter
637 2200 806 2267 paucitatem
825 2200 883 2253 fieri

94 2282 164 2335 nihil
171 2292 295 2351 poterat;
316 2301 350 2337 ac
359 2301 415 2337 non
424 2282 508 2336 modo
516 2282 625 2335 defesso
635 2298 668 2335 ex
681 2289 774 2351 pugna
786 2284 883 2336 exced-

95 2364 168 2431 endi,
182 2366 232 2418 sed
249 2383 284 2419 ne
303 2366 397 2419 saucio
416 2353 528 2434 quidem
545 2365 604 2432 ejus
619 2364 680 2430 loci,
694 2364 741 2417 ubi
754 2365 882 2418 constite-

94 2456 146 2514 rat,
155 2448 336 2516 relinquendi,
349 2465 382 2501 ac
396 2448 437 2501 sui
450 2446 607 2515 recipiendi,
620 2447 736 2500 facultas
749 2447 867 2500 dabatur

130 2531 163 2583 V.
183 2531 275 2598 Quum
279 2531 339 2599 jam
349 2530 467 2598 amplius
476 2529 551 2582 horis
560 2546 608 2582 sex
616 2527 788 2581 continenter
796 2545 882 2596 pugn-

96 2621 194 2679 aretur,
207 2629 240 2666 ac
258 2629 314 2665 non
333 2613 422 2665 solum
440 2612 520 2677 vires,
534 2612 584 2664 sed
603 2611 688 2663 etiam
706 2610 769 2677 tela,
784 2612 882 2665 nostris

97 2693 252 2761 deficerent,
262 2704 345 2764 atque
353 2695 447 2747 hostes
460 2693 548 2745 acrius
562 2694 704 2760 instarent,
716 2692 882 2761 languidior-

94 2773 212 2847 ibusque
224 2777 324 2831 nostris
336 2777 439 2829 vallum
453 2775 586 2844 scindere,
595 2785 622 2829 et
634 2775 725 2829 fossas
737 2776 885 2840 complexe

465 2865 503 2901 sn
