1964 3336
94 231 110 284 a
304 232 332 287 c.
351 231 467 303 Jurzr
489 231 673 285 casaris

93 372 195 425 flumen
207 369 324 424 transire
336 379 476 440 conentur,
485 371 637 439 prohibeat
662 369 791 424 Publium
799 371 879 426 Cras-

93 469 155 507 sum
168 469 231 506 cum
244 453 402 506 cohortibus
412 452 569 521 legionariis
581 451 728 507 duodecim
740 461 769 507 et
777 469 882 522 magno

92 552 207 589 numero
226 535 365 604 equitatus
382 535 412 588 in
432 534 611 609 Aquitaniam
634 534 771 604 proficisci
788 535 880 605 jubet,

92 635 128 672 ne
139 634 173 671 ex
190 617 234 670 his
250 617 408 671 nationibus
423 615 525 671 auxilia
543 617 572 670 in
591 616 711 671 Galliam
728 617 880 687 mittantur,

92 717 126 754 ac
137 708 223 754 tantae
234 699 361 752 nationes
373 699 580 768 conjungantur.
601 698 734 767 Quintum
743 697 880 752 Titurium

92 783 228 836 Sabinum
238 782 361 849 legatum
373 798 436 834 cum
447 781 601 849 legionibus
612 780 699 834 tribus
711 780 740 833 in
754 782 880 850 Unellos,

92 863 279 930 Curiosolitas,
300 863 487 933 Lexoviosque
504 864 596 931 mittit,
616 863 663 933 qui
680 878 743 916 earn
762 879 878 916 manum

91 945 368 999 distinendamcuret
394 945 542 998 Decimum
550 944 880 1000 Brutumadolescentem

91 1027 180 1095 classi,
202 1025 370 1095 Gallicisque
387 1027 512 1096 navibus,
532 1041 602 1097 quas
619 1029 654 1081 'ex
671 1026 834 1080 Pictonibus
852 1036 881 1081 et

93 1110 224 1163 Santonis
241 1108 408 1178 reliquisque
428 1110 536 1179 pacatis
557 1108 715 1177 regionibus
733 1109 881 1164 convenire

90 1191 221 1260 jusserat,
242 1190 365 1260 praeficit,
379 1199 414 1260 et,
428 1207 514 1260 quum
532 1191 652 1259 primum
670 1190 766 1259 possit,
784 1191 813 1244 in
825 1192 880 1245 Ve-

93 1283 174 1328 netos
186 1272 325 1344 proficisci
340 1273 427 1342 jubet.
465 1276 531 1343 lpse
549 1290 583 1328 eo
600 1272 774 1341 pedestribus
793 1273 880 1342 copiis

92 1356 241 1410 contendit

126 1439 194 1492 XII.
214 1439 303 1492 Erant
324 1437 461 1510 ejusmodi
480 1437 538 1491 fere
562 1436 631 1491 situs
656 1436 828 1506 oppidorum,
841 1446 880 1504 ut,

92 1521 184 1589 posita
199 1520 229 1572 in
246 1522 376 1576 extremis
393 1519 504 1588 lingulis
522 1519 776 1589 promontoriisque,
790 1535 881 1587 neque

92 1601 208 1670 pedibus
227 1602 334 1657 aditum
353 1603 495 1669 haberent,
518 1618 603 1671 quum
621 1618 655 1655 ex
672 1602 728 1655 alto
747 1617 777 1654 se
795 1610 880 1654 aestus

91 1683 375 1754 incitavisset—quod
386 1683 431 1736 bis
443 1683 547 1737 accidit
563 1699 674 1751 semper
691 1683 822 1736 horarum
840 1682 879 1734 vi-

92 1764 162 1832 ginti
179 1772 297 1834 quatuor
314 1765 530 1835 spatio-neque
547 1763 672 1832 navibus,
685 1763 767 1833 qubd,
786 1780 880 1818 rursus

92 1847 234 1901 minuente
248 1857 326 1916 aestu,
344 1863 431 1902 naves
449 1846 479 1900 in
496 1846 576 1900 vadis
593 1846 798 1901 afflictarentur.
836 1848 881 1900 lta

93 1935 208 1998 utraque
228 1943 258 1980 re
277 1929 443 1999 oppidorum
464 1928 635 1997 oppugnatio
658 1928 862 1997 impediebatur
872 1947 880 1995 3

92 2027 135 2079 ac,
154 2011 178 2064 si
197 2012 309 2080 quando
331 2010 523 2079 magnitudine
547 2009 638 2079 operis
658 2010 728 2064 forte
750 2010 880 2078 superati,

92 2101 203 2146 extmso
219 2092 290 2145 mari
307 2107 409 2160 aggere
427 2107 461 2145 ac
481 2092 608 2160 molibus,
627 2101 711 2160 atque
731 2091 775 2145 his
793 2091 881 2146 fenne

93 2173 188 2243 oppidi
200 2174 339 2228 moenibus
351 2172 514 2243 adaequatis,
527 2174 583 2227 suis
599 2173 716 2227 fortunis
734 2173 881 2244 desperare

93 2265 242 2326 coeperant,
250 2272 353 2325 magno
365 2272 480 2310 numero
492 2256 605 2309 navium
617 2255 741 2324 appulso,
752 2257 829 2325 cujus
842 2256 881 2310 rei

92 2356 233 2393 summam
255 2340 415 2393 facultatem
444 2338 593 2406 habebant,
618 2355 669 2413 sua
698 2338 882 2407 deportabant

93 2423 195 2494 omnia,
207 2438 292 2492 seque
310 2421 339 2474 in
356 2421 482 2490 proxima
500 2421 604 2489 oppida
621 2420 799 2488 recipiebant
838 2421 881 2474 lbi

94 2521 124 2558 se
136 2521 229 2558 rursus
240 2504 341 2558 iisdem
352 2503 602 2572 opportunitatibus
614 2503 668 2557 loci
686 2502 880 2557 defendebant

95 2587 167 2640 liaec
179 2604 213 2641 eo
224 2587 332 2640 facilius
343 2603 477 2654 magnam
489 2595 597 2655 partem
609 2584 715 2639 aestatis
732 2584 881 2653 faciebant,

92 2671 167 2740 quod
193 2678 296 2722 uostrae
313 2685 399 2722 naves
427 2668 640 2740 tempestatibus
667 2667 881 2733 detinebantur;

94 2767 259 2824 summaque
276 2760 335 2806 erat
358 2759 438 2805 vasto
456 2760 539 2821 atque
554 2759 650 2819 aperto
673 2749 751 2818 mari,
772 2750 882 2818 magnis
