1964 3336
126 265 145 326 4
339 245 367 311 c.
387 256 502 326 Jorn
524 238 710 311 cAEsAnls

127 395 284 464 coepissent,
298 412 397 465 resque
409 405 483 449 esset
497 397 557 465 jam
569 396 606 448 ad
619 405 770 449 extremum
782 397 917 465 perducta

127 494 231 545 casum,
243 477 355 531 Publius
369 478 477 531 Sextius
491 478 619 544 Baculus,
629 478 710 546 primi
722 477 771 546 pili
784 479 916 546 centurio,

127 575 210 628 quem
223 561 249 611 N
253 559 344 612 ervico
361 559 461 628 proelio
479 559 665 628 compluribus
684 559 841 613 confectum
857 561 916 614 vul·

126 641 238 695 neribus
251 642 376 708 diximus,
391 651 418 695 et
436 642 503 695 item
516 643 599 694 Caius
612 641 776 710 Volusenus,
790 642 916 696 tribunus

126 724 252 792 militum,
263 724 305 776 vir
317 733 344 777 et
357 724 465 776 consilli
476 724 570 791 magni
583 732 610 776 et
621 723 737 791 virtutis,
748 723 785 776 ad
796 725 916 777 Galbam

126 815 280 874 accurrunt,
293 815 376 874 atque
388 823 474 859 unam
487 823 548 860 esse
561 823 640 874 spem
653 806 749 859 salutis
768 807 877 875 docent,
892 807 916 860 si

127 888 269 956 eruptione
289 888 365 941 facta
385 898 537 943 extremum
561 889 692 942 auxilium
720 889 914 956 experirentur.

128 972 233 1038 Itaque,
256 971 415 1023 convocatis
436 969 649 1038 centurionibus,
668 970 792 1023 celeriter
813 971 915 1024 milites

127 1052 255 1105 certiores
267 1051 340 1119 facit,
353 1053 492 1120 paulisper
509 1052 719 1106 intermitterent
731 1052 868 1121 proelium,
880 1070 915 1106 ac

126 1133 318 1187 tantummodo
330 1133 386 1187 tela
401 1134 488 1186 missa
500 1133 664 1204 exciperent,
678 1151 762 1202 seque
775 1151 809 1188 ex
820 1135 915 1188 labore

126 1215 268 1268 reficerent
273 1233 281 1279 ;
302 1224 373 1284 post,
387 1215 453 1269 dato
466 1215 553 1285 signo,
567 1233 601 1269 ex
619 1216 718 1270 castris
730 1225 913 1285 erumperent,

126 1306 208 1365 atque
220 1312 332 1349 omnem
345 1314 424 1365 spem
436 1298 532 1351 salutis
544 1298 574 1350 in
585 1297 685 1351 virtute
697 1306 837 1365 ponerent

160 1380 209 1431 VI.
231 1377 313 1445 Quod
322 1379 393 1446 jussi
405 1388 475 1446 sunt,
484 1379 588 1433 faciunt
596 1397 603 1443 ;
624 1395 666 1448 ac,
680 1379 772 1432 subito
784 1379 913 1432 omnibus

125 1461 211 1528 portis
235 1460 378 1530 eruptione
406 1461 488 1528 facta,
513 1477 602 1530 neque
627 1461 822 1528 cognoscendi,
846 1461 912 1529 quid

125 1543 210 1613 fieret,
223 1559 313 1612 neque
327 1543 368 1596 sui
381 1542 535 1610 colligendi,
549 1542 675 1596 hostibus
693 1543 853 1596 facultatem
871 1561 912 1597 re-

124 1624 258 1692 linquunt.
297 1627 341 1678 lta
352 1630 522 1678 commutata
533 1625 649 1693 fortuna,
664 1642 718 1690 eos,
733 1625 779 1693 qui
792 1625 821 1677 in
833 1641 912 1693 spem

124 1707 320 1774 potiundorum
338 1716 491 1760 castrorum
503 1716 642 1776 venerant,
655 1707 778 1776 undique
796 1707 912 1760 circum-

123 1789 412 1854 ventosinterficiunt;
426 1796 460 1856 et,
470 1806 503 1842 ex
511 1789 655 1842 hominum
662 1789 783 1842 millibus
792 1789 911 1857 amplius

123 1871 243 1940 triginta,
257 1888 340 1940 quem
352 1888 498 1925 numerum
509 1872 689 1925 barbarorum
696 1871 734 1924 ad
744 1881 835 1925 castra
846 1889 911 1924 ven·

123 1952 178 2005 isse
190 1954 344 2020 constabat,
356 1954 419 2021 plus
437 1953 518 2006 tertia
535 1963 613 2020 parte
631 1952 782 2020 interfecta,
791 1952 911 2021 reliquos

122 2035 280 2103 perterritos
290 2034 319 2086 in
326 2034 420 2102 fugam
429 2034 585 2102 conjiciunt,
593 2051 626 2087 ac
638 2051 673 2088 ne
683 2034 711 2086 in
720 2033 789 2087 locis
798 2034 910 2102 quidem

122 2117 307 2188 superioribus
331 2115 481 2169 consistere
508 2116 655 2183 patiuntur.
705 2115 760 2183 Sic,
781 2117 911 2170 omnibus

122 2198 243 2252 hostiurn
262 2198 349 2267 copiis
367 2197 444 2266 lusia,
457 2197 596 2266 armisque
614 2197 709 2265 exutis,
723 2213 753 2250 se
772 2197 801 2249 in
820 2207 911 2250 castra

121 2282 342 2349 munitionesque
363 2297 428 2333 suas
446 2280 589 2348 recipiunt.
628 2280 690 2347 Quo
710 2279 808 2346 proelio
826 2279 909 2347 facto,

120 2363 195 2432 quod
207 2363 308 2432 saepius
321 2363 460 2416 fortunam
472 2370 579 2415 tentare
593 2361 683 2414 Galba
694 2361 814 2428 nolebat,
826 2370 910 2429 atque

118 2446 173 2498 alio
186 2461 247 2498 sese
259 2446 288 2498 in
297 2445 413 2497 hiberna
424 2444 538 2497 consilio
547 2443 657 2496 venisse
666 2443 837 2511 meminerat,
848 2444 909 2496 allis

119 2527 271 2581 occurrisse
282 2527 365 2580 rebus
377 2526 492 2592 viderat,
505 2525 625 2578 maxime
642 2525 772 2577 frumenti
788 2540 907 2577 comme-

119 2614 234 2676 atusque
246 2607 340 2676 inopia
352 2616 501 2676 permotus,
514 2615 625 2675 postero
643 2606 689 2658 die
707 2605 836 2658 omnibus
849 2607 908 2674 ejus

117 2689 170 2742 vici
189 2689 313 2743 aedificiis
331 2689 462 2758 incensis,
480 2689 509 2741 in
529 2688 704 2741 Provinciam
725 2688 823 2742 reverti
842 2705 906 2742 con-

118 2769 218 2836 tendit3
239 2788 281 2838 ac,
293 2768 370 2825 nullo
381 2773 462 2827 hoste
479 2771 651 2841 prohibente,
664 2778 713 2823 aut
730 2769 782 2824 iter
798 2771 905 2824 demor-
