1964 3336
191 258 249 312 DE
272 235 405 311 annno
432 217 613 324 oramen,
630 256 705 310 rm.
724 255 781 310 nr.
866 273 880 326 5

94 406 168 465 ante,
190 396 358 450 incolumem
381 396 519 465 legionem
536 396 565 448 in
584 397 750 465 Nantuates,
771 397 836 450 inde
854 396 882 450 in

93 480 267 547 Allobrogas,
280 478 414 547 perduxit,
427 478 520 546 ibique
531 478 671 531 hiemavit.

86 610 89 616 .
128 563 195 614 VII.
216 561 270 613 His
283 561 364 613 rebus
382 561 476 628 gestis,
489 577 574 628 quum
592 561 720 614 omnibus
738 561 773 614 de
792 562 882 614 causis

95 645 190 698 Caesar
207 652 337 712 pacatam
351 643 471 696 Galliam
483 644 660 711 existimaret,
673 644 808 713 superatis
821 644 881 697 Bel·

94 727 145 794 gis,
159 726 278 794 expulsis
299 725 454 793 Germanis,
472 726 553 779 victis
571 727 600 778 in
617 726 735 795 Alpibus
755 726 873 779 Sedunis

94 817 178 876 atque
191 807 239 876 ita,
251 807 320 860 inita
330 807 431 874 hieme,
444 807 473 860 in
487 809 627 876 illyricum
644 808 782 875 profectus
800 816 880 878 esset,

95 889 169 959 qubd
179 906 226 943 eas
237 906 345 958 quoque
354 890 482 944 nationes
489 891 573 957 adire,
582 896 610 942 et
616 889 741 956 regiones
751 905 872 956 cognosc

95 988 147 1040 ere,
160 972 279 1039 volebat,
291 971 414 1025 subitum
425 973 528 1026 bellum
540 971 569 1023 in
582 969 673 1022 Gallia
690 980 814 1024 coortum
832 980 878 1026 est

96 1056 164 1124 Ejus
173 1056 237 1109 belli
250 1057 311 1110 haec
322 1056 374 1111 fuit
386 1073 478 1111 causa.
510 1054 623 1108 Publius
634 1054 750 1108 Crassus
759 1055 882 1110 adolesc-

94 1154 144 1190 ens
157 1155 220 1191 cum
232 1139 340 1208 legione
357 1139 476 1207 septima
493 1136 633 1206 proximus
649 1153 726 1190 mare
739 1138 883 1191 Oceanum

94 1220 123 1272 in
135 1220 263 1274 Andibus
275 1221 418 1274 hiemArat.
457 1221 495 1287 Is,
508 1218 583 1287 quod
594 1219 624 1272 in
641 1218 686 1274 his
703 1219 771 1272 locis
789 1220 883 1288 inopia

95 1301 224 1356 frumenti
237 1311 303 1370 erat,
315 1302 461 1371 praefectos
473 1301 653 1370 tribunosque
669 1301 789 1354 militum
808 1319 882 1355 com-

94 1384 187 1452 plures
199 1384 228 1436 in
237 1385 368 1437 finitimas
378 1383 511 1452 civitates,
519 1384 648 1438 frumenti
658 1390 883 1453 commeatusque

94 1465 208 1533 petendi
227 1471 319 1532 causa,
338 1466 461 1520 dimisit:
479 1482 533 1534 quo
551 1466 581 1519 in
598 1483 714 1520 numero
733 1476 790 1520 erat
803 1467 883 1520 Titus

96 1545 277 1613 Terrasidius,
296 1546 398 1599 missus
419 1547 448 1599 in
473 1548 609 1613 Esubios;
632 1551 746 1602 Marcus
766 1550 882 1603 Trebius

96 1629 192 1682 Gallus
205 1629 233 1680 in
247 1627 442 1693 Curiosolitas;
463 1629 581 1696 Quintus
589 1630 730 1700 Velanius,
743 1648 806 1684 cum
819 1633 883 1685 Tito

97 1711 172 1779 Silio,
186 1712 214 1763 in
226 1711 356 1763 Venetos.
648 1764 651 1769 ,

130 1794 213 1847 V111.
233 1793 324 1861 Hujus
332 1799 375 1845 est
384 1791 770 1862 civitatislongeamplissima
778 1805 883 1849 auctor-

96 1876 150 1930 itas
162 1875 252 1928 omnis
265 1891 321 1928 orae
333 1874 479 1927 maritimae
490 1875 633 1941 regionum
642 1891 754 1940 earum;
771 1877 845 1944 quod
857 1886 884 1931 et

96 1973 181 2010 naves
192 1957 297 2009 habent
304 1956 405 2009 Veneti
417 1955 557 2024 plurimas,
565 1956 664 2024 quibus
674 1956 703 2008 in
714 1957 883 2011 Britanniam

49 2108 52 2114 y
97 2038 227 2105 navigare
240 2038 414 2105 consuerunt,
428 2047 456 2091 et
474 2038 591 2091 scientia
602 2048 686 2108 atque
699 2056 751 2092 usu
762 2041 883 2093 nautica-

96 2136 158 2172 rum
169 2136 260 2173 rerum
273 2120 391 2188 reliquos
403 2120 578 2189 antecedunt,
587 2130 623 2188 et,
632 2122 660 2173 in
670 2138 771 2190 magno
782 2123 885 2191 impetu

97 2201 181 2254 maris
194 2210 276 2269 atque
289 2210 393 2271 aperto,
404 2202 500 2270 paucis
512 2203 637 2272 portibus
649 2204 806 2273 interjectis,
817 2222 886 2274 quos

98 2293 193 2339 tenent
206 2283 267 2353 ipsi,
280 2301 377 2338 omnes
389 2285 454 2353 fere,
467 2285 514 2353 qui
528 2302 561 2338 eo
573 2287 643 2338 mari
655 2287 695 2339 nti
714 2296 884 2354 consuerant,

97 2368 203 2420 habent
214 2367 371 2435 vectigales.
407 2368 453 2421 Ab
466 2367 500 2421 iis
513 2369 544 2422 fit
557 2368 665 2421 initium
678 2369 813 2423 retinendi
827 2368 886 2421 Silii

98 2458 182 2517 atque
194 2447 312 2516 Velanii,
326 2448 399 2517 qubd
417 2466 467 2517 per
485 2466 533 2503 eos
552 2466 617 2504 suos
637 2468 667 2505 se
685 2451 804 2518 obsides,
818 2466 886 2518 quos

100 2533 201 2584 Crasso
214 2528 364 2598 dedissent,
373 2542 580 2602 recuperaturos
592 2534 793 2587 existimabant.
827 2534 886 2586 Ho-

99 2631 161 2668 rum
181 2612 346 2665 auctoritate
363 2613 471 2666 finitimi
484 2615 598 2668 adducti
613 2617 652 2684 (ut
669 2623 732 2667 sunt
746 2615 887 2668 Gallorum

100 2695 193 2748 subita
204 2706 232 2747 et
246 2693 391 2762 repentina
405 2695 540 2762 consilia),
558 2695 657 2747 eadem
673 2695 708 2748 de
725 2703 810 2749 causa
821 2700 887 2750 Tre·

101 2777 178 2842 bium
193 2775 438 2848 Terrasidiumque
455 2775 583 2844 retinent,
601 2785 636 2843 et,
656 2778 780 2831 celeriter
796 2779 889 2831 missis
