1964 3336
125 260 143 313 6
333 255 361 309 c.
380 254 496 325 Jum
517 254 702 308 cAEsAnrs

122 395 228 462 legatis,
241 410 290 463 per
302 411 367 448 suos
379 394 517 463 principes
536 393 608 448 inter
625 410 655 447 se
673 394 826 464 conjurant,
838 395 909 448 nihil

122 476 175 529 nisi
194 477 334 529 communi
351 476 466 530 consilio
484 484 603 544 acturos,
621 476 794 545 eundemque
812 492 910 530 omnes

122 559 239 612 fortunae
257 558 360 611 exitum
378 574 439 611 esse
457 558 560 610 laturos
569 577 577 622 ;
597 558 772 627 reliquasque
783 556 917 611 civitates.

124 640 279 707 sollicitant,
293 649 323 694 ut
336 640 365 692 in
376 646 411 693 ei
427 640 563 707 libertate,
575 656 661 708 quam
672 656 690 691 a
701 639 852 708 majoribus
864 655 909 693 ac·

124 731 261 793 ceperant,
273 739 443 791 permanere,
453 738 538 790 quam
550 724 739 775 Romanorum
752 721 911 775 servitutem

124 804 251 873 perferre,
263 804 385 858 mallent.
424 804 508 857 Omni
521 809 570 856 ori
586 803 726 857 maritima
738 803 862 858 celeriter
873 804 911 856 ad

125 901 203 938 suam
222 885 387 939 sententiam
399 886 540 954 perducta,
557 902 733 939 communem
744 885 911 953 legationem

125 967 162 1020 rid
175 968 302 1020 Publium
317 968 448 1022 Crassum
459 968 581 1036 mittunt,
593 967 616 1020 si
627 967 693 1022 velit
704 983 770 1022 suos
781 967 911 1037 recipere,

125 1051 237 1104 obsides
250 1049 302 1104 sibi
314 1050 443 1104 remittat

162 1134 211 1186 IX
233 1133 339 1200 Quibus
360 1132 396 1186 de
416 1133 498 1186 rebus
519 1132 614 1186 Caesar
633 1132 671 1185 ab
690 1132 792 1186 Crasso
813 1130 913 1185 certior

125 1215 223 1283 iactus,
230 1213 305 1283 quod
312 1215 371 1283 ipse
377 1216 474 1268 aberat
480 1213 597 1281 longius,
604 1229 690 1267 naves
698 1213 808 1267 interim
814 1212 912 1281 longas

126 1297 256 1351 aedificari
269 1297 298 1350 in
309 1297 421 1351 flumine
431 1297 529 1365 Ligeri,
537 1295 613 1365 quod
621 1295 710 1350 influit
721 1294 913 1364 inOceanum,

126 1380 244 1448 remiges
263 1395 296 1432 ex
320 1378 466 1431 Provincia
484 1377 597 1445 institui,
615 1385 715 1430 nautas
732 1376 912 1445 gubernator·

127 1477 211 1529 esque
232 1459 386 1528 comparari
407 1459 493 1527 jubet
531 1459 585 1512 His
609 1458 691 1512 rebus
716 1458 841 1512 celeriter
864 1458 913 1511 ad-

126 1542 295 1609 ministratis,
317 1541 377 1610 ipse
399 1557 484 1609 quum
507 1541 627 1609 primum
648 1557 698 1609 per
717 1541 783 1593 anni
804 1548 913 1608 tempus

126 1623 223 1692 potuit,
235 1623 272 1676 ad
284 1623 434 1676 exercitum
447 1622 596 1676 contendit
627 1621 737 1690 Veneti,
747 1622 914 1691 reliquaeque
966 1630 971 1640 ·

127 1705 192 1757 item
206 1703 338 1771 civitates,
348 1705 457 1772 cognito
468 1704 586 1756 Caesaris
603 1703 731 1771 adventu,
742 1704 823 1757 simul
839 1702 915 1772 quod

127 1795 260 1855 quantum
276 1786 305 1838 in
324 1803 354 1840 se
371 1786 479 1840 facinus
497 1785 675 1840 admisissent
691 1785 914 1854 intelligebant-

127 1869 241 1937 legatos,
253 1869 328 1938 quod
340 1885 442 1922 nomen
453 1869 528 1936 apud
540 1884 637 1922 omnes
648 1867 775 1922 nationes
788 1877 915 1921 sanctum

128 1951 344 2019 inviolatumque
357 1967 466 2019 semper
482 1950 587 2018 suisset,
600 1958 721 2004 retentos
738 1948 774 2002 ab
793 1965 824 2002 se
841 1957 869 2002 et
885 1949 915 2001 in

128 2034 237 2087 vincula
249 2033 474 2099 conjectos-pro
486 2031 676 2098 magnitudine
688 2030 801 2099 periculi
812 2030 916 2083 bellum

128 2131 233 2183 parare,
247 2123 274 2167 et
286 2113 406 2166 maxime
418 2129 458 2180 ea,
472 2129 535 2181 quae
547 2112 584 2165 ad
596 2128 677 2165 usum
690 2111 803 2164 navium
814 2110 916 2180 pertin-

129 2205 184 2264 ent,
205 2195 349 2264 providere
372 2195 535 2259 instituunt;
552 2194 606 2247 hoc
629 2193 735 2262 majore
759 2208 816 2260 spe,
841 2190 916 2260 quod

129 2279 244 2331 multum
266 2283 366 2330 naturi
385 2277 439 2330 loci
464 2275 649 2330 confidebant
687 2274 831 2329 Pedestria
854 2290 917 2327 esse

130 2361 227 2414 itinera
246 2359 358 2413 concisa
374 2359 518 2427 aestuariis,
531 2357 737 2426 navigationem
754 2355 918 2425 impeditam

130 2451 241 2511 propter
249 2440 424 2494 inscientiam
430 2440 553 2494 locorum
560 2439 782 2508 paucitatemque
789 2445 918 2506 portuum

130 2524 269 2578 sciebant:
288 2539 377 2591 neque
389 2531 497 2576 nostros
510 2521 644 2575 exercitus
661 2529 772 2588 propter
789 2517 918 2572 frumenti

131 2606 254 2676 inopiam
266 2605 369 2658 diutius
382 2603 456 2673 apud
468 2621 498 2658 se
510 2604 611 2656 morari
627 2618 711 2671 posse
725 2600 919 2655 confidebant:

131 2704 164 2741 ac
185 2688 253 2756 jam,
277 2695 309 2740 ut
332 2687 427 2740 omnia
450 2695 546 2740 contra
569 2683 728 2752 opinionem
752 2683 919 2750 acciderent,

133 2776 225 2822 tumen
237 2784 267 2822 se
279 2768 425 2839 plurimum
435 2768 552 2823 navibus
561 2781 659 2837 posse:
677 2767 820 2820 Romanos
828 2780 919 2838 neque
