1964 3336
195 242 254 296 DE
276 243 410 296 BELLO
435 242 617 311 GALLICO,
634 243 710 297 LIB.
729 242 786 296 III.
868 257 885 312 9

95 382 218 448 aestibus,
236 381 305 434 raris
326 398 359 436 ac
378 397 465 451 prope
488 382 569 436 nullis
587 383 720 450 portibus,
739 381 886 436 difficultas

95 461 254 530 navigandi.

58 565 60 569 ·
131 545 215 599 XIII.
235 545 366 614 Namque
378 545 501 613 ipsorum
518 561 605 598 naves
624 544 753 597 adhunc
771 544 885 597 modum

95 625 179 678 factae
188 634 357 695 armataeque
365 635 451 680 erant.
472 627 581 679 Carinae
589 626 730 694 aliquanto
738 625 884 694 planiores,

97 723 182 777 quam
193 716 352 760 nostrarum
362 707 483 776 navium,
497 725 551 777 quo
569 707 678 761 facilius
696 708 769 761 vada
787 723 821 760 ac
839 707 885 759 de·

96 804 207 843 cessum
225 798 311 842 aestus
328 790 454 858 excipere
474 799 604 861 possent:
622 807 713 859 prorae
733 790 885 843 admodum

96 880 205 938 erectae,
218 879 302 940 atque
314 871 382 924 item
398 888 513 940 puppes,
527 872 564 925 ad
581 872 802 940 magnitudinem
819 872 884 923 fluc-

80 962 174 1027 tuum
190 962 442 1022 tempestatumque
460 955 697 1008 accommodatae:
715 970 801 1007 naves
819 962 884 1007 tota

95 1034 178 1089 factae
196 1051 230 1090 ex
247 1036 353 1104 robore,
367 1035 404 1088 ad
421 1036 549 1104 quamvis
566 1037 624 1089 vim
642 1045 670 1090 et
688 1035 885 1090 contumeliam

95 1115 304 1185 perferendam:
321 1125 441 1170 transtra
452 1117 597 1186 pedalibus
610 1117 639 1170 in
650 1117 824 1171 latitudinem
831 1125 884 1168 tra·

95 1198 177 1252 bibus
190 1198 299 1252 confixa
317 1199 403 1252 clavis
420 1199 522 1268 ferreis,
536 1199 615 1267 digiti
632 1199 739 1267 pollicis
757 1199 885 1251 crassitu-

96 1281 177 1335 dine:
194 1297 313 1348 ancorae,
325 1298 376 1350 pro
386 1281 506 1349 funibus,
517 1282 613 1335 ferreis
625 1281 731 1334 catenis
743 1281 885 1334 revinctae:

47 1405 51 1415 .
95 1363 181 1432 pelles
200 1378 251 1431 pro
272 1363 348 1432 velis,
370 1364 508 1433 alutaeque
528 1363 646 1417 tenuiter
667 1363 808 1430 confectae,
827 1362 885 1418 sivo

96 1454 208 1514 propter
228 1444 278 1497 lini
297 1445 420 1513 inopiam
439 1453 522 1514 atque
541 1446 600 1514 ejus
617 1450 682 1498 usus
701 1444 884 1512 inscientiam,

96 1527 154 1581 sive
178 1543 220 1594 eo,
240 1527 315 1595 quod
339 1536 381 1580 est
404 1527 494 1594 magis
517 1526 672 1594 verisimile,
693 1525 769 1597 qubd
793 1534 884 1580 tantas

96 1616 275 1676 tempestates
301 1608 408 1662 Oceani
431 1618 580 1677 tantosque
601 1609 721 1676 impetus
739 1617 883 1662 ventorum

96 1691 231 1758 sustineri,
245 1706 279 1744 ac
291 1699 369 1744 tanta
381 1707 466 1744 onera
477 1691 590 1743 navium
601 1691 659 1759 regi
668 1691 736 1744 velis
748 1707 804 1743 non
817 1691 884 1743 satis

96 1772 251 1839 commode,
264 1771 475 1826 arbitrabantur.
513 1773 585 1825 Cum
596 1773 640 1824 his
652 1772 770 1825 navibus
782 1780 884 1824 nostrae

96 1855 178 1908 classi
191 1853 327 1923 ejusmodi
339 1870 504 1922 congressus
516 1862 583 1920 erat,
596 1862 626 1906 ut
637 1859 693 1906 una
706 1854 845 1907 celeritate
858 1862 885 1906 et

95 1936 177 2005 pulsu
188 1952 327 1989 remorum
339 1944 491 2005 praestaret,
508 1935 622 2004 reliqua,
635 1950 685 2002 pro
703 1934 758 1988 loci
776 1941 883 2002 natura,

96 2034 146 2088 pro
163 2019 191 2071 vi
203 2026 409 2086 tempestatum,
422 2019 475 2072 illis
493 2026 585 2072 essent
603 2017 712 2086 aptiora
730 2027 759 2071 et
775 2033 884 2072 accom-

96 2099 269 2154 modatiora:
287 2115 378 2168 neque
402 2101 477 2153 enim
493 2101 538 2152 his
555 2109 658 2153 nostrae
679 2110 768 2155 rostro
785 2117 885 2154 nocere

96 2190 232 2251 poterant,
251 2189 330 2235 tanta
341 2182 370 2233 in
382 2181 422 2235 eis
431 2191 489 2235 erat
496 2181 636 2234 firmitudo
644 2200 651 2245 ;
670 2197 760 2249 neque
775 2193 886 2252 propter

97 2262 270 2316 altitudinem
283 2262 363 2315 facile
375 2264 462 2316 telum
473 2263 654 2332 adjiciebatur
659 2281 666 2327 ;
688 2272 715 2316 et
733 2265 832 2317 eadem
850 2265 886 2316 de

98 2350 182 2398 causa
193 2344 284 2397 minus
298 2345 444 2397 commode
457 2344 562 2414 copulis
576 2345 794 2400 continebantur.
831 2347 885 2398 Ac·

98 2425 221 2494 cedebat,
243 2434 281 2492 ut,
301 2441 387 2494 quum
406 2427 502 2479 saevire
526 2435 624 2480 ventus
650 2428 780 2495 coepisset
804 2435 831 2478 et
856 2443 886 2480 se

97 2517 180 2562 vento
192 2507 342 2575 dedissent,
355 2516 383 2560 et
400 2517 593 2577 tempestatem
610 2509 712 2562 ferrent
730 2507 845 2576 facilius,
858 2518 885 2562 et

97 2591 126 2644 in
143 2589 222 2642 vadis
241 2588 423 2644 consisterent
441 2591 532 2654 tutius,
548 2599 583 2658 et,
596 2591 633 2643 ab
650 2599 721 2642 aestu
739 2589 885 2658 derelictae,

98 2670 167 2723 nihil
173 2686 240 2722 saxa
247 2678 274 2724 et
282 2678 377 2724 cautes
384 2671 524 2725 timerent:
541 2686 657 2738 quarum
664 2686 755 2723 rerum
762 2673 883 2727 omnium

100 2752 200 2808 nostris
212 2753 329 2805 navibus
342 2759 423 2807 casus
436 2762 515 2806 erant
527 2751 733 2806 extimescendi.
