1964 3336
191 261 251 313 DE
273 259 406 313 BELLO
433 259 614 328 GALLICO,
631 259 708 314 LIB.
726 259 783 312 III.
847 273 875 314 11

92 399 168 453 enim
180 399 263 452 colles
275 415 310 451 ac
321 399 383 451 loca
396 398 545 466 superiora,
554 399 628 451 unde
640 406 699 451 erat
710 397 879 467 propinquus

93 482 240 550 despectus
252 480 281 532 in
293 496 376 548 mare,
390 481 426 534 ab
440 481 559 534 exercitu
570 480 741 534 tenebantur.

128 563 189 616 XV.
209 563 341 631 Dejectis‚
349 571 379 615 ut
387 561 512 630 diximus,
521 561 657 629 antennis,
666 560 880 629 quumsingulas

94 645 167 700 binae
179 660 213 697 ac
224 653 310 697 temae
316 661 402 697 naves
411 644 654 711 circumsteterant,
664 642 764 695 milites
773 647 880 695 summi

95 726 122 780 vi
145 727 340 779 transcendere
363 726 392 778 in
414 725 536 778 hostium
560 741 644 777 naves
669 715 879 777 contendebant.

96 807 178 875 Quod
195 816 343 876 postquam
360 806 471 860 barbari
488 806 547 859 fieri
564 804 823 872 animadverterunt,
836 821 880 858 ex·

94 889 223 958 pugnatis
240 888 426 957 compluribus
438 888 564 955 navibus,
577 903 662 956 quum
681 887 707 940 ei
723 887 762 940 rei
776 887 881 939 nullum

95 970 258 1039 reperiretur
270 970 408 1039 auxilium,
420 969 488 1037 fuga
497 969 615 1023 salutem
627 979 721 1038 petere
734 969 881 1022 contende·

95 1061 174 1107 runt:
192 1069 232 1121 ac,
255 1053 315 1121 jam
333 1052 472 1106 conversis
496 1051 606 1104 ineam
629 1061 736 1120 partem
756 1052 881 1119 navibus,

96 1150 151 1202 quo
169 1143 268 1187 ventus
287 1133 401 1200 ferebat,
413 1141 492 1187 tanta
511 1133 601 1186 subito
619 1133 738 1187 malacia
754 1151 788 1188 ac
808 1142 881 1187 tran-

97 1215 217 1284 quillitas
230 1214 341 1282 exstitit,
354 1223 384 1269 ut
403 1231 433 1268 se
450 1231 485 1267 ex
495 1214 557 1267 loco
569 1230 680 1268 movere
691 1231 748 1268 non
760 1224 880 1283 possent

98 1298 167 1365 Quae
179 1297 291 1365 quidem
303 1312 347 1350 res
359 1297 396 1350 ad
405 1295 546 1364 negotium
552 1295 755 1350 conficiendum
763 1297 883 1351 maxime

98 1378 147 1432 suit
159 1387 330 1447 opportuna:
348 1394 415 1430 nam
428 1377 549 1445 singulas
562 1378 650 1431 nostri
668 1379 819 1432 consectati
838 1394 882 1432 ex-

96 1468 295 1528 pugnaverunt,
308 1468 338 1512 ut
351 1474 496 1527 perpaucae
514 1475 548 1511 ex
565 1460 641 1513 omni
658 1476 781 1528 numero,
793 1460 883 1514 noctis

96 1541 260 1607 interventu,
280 1541 318 1593 ad
339 1549 440 1593 terram
458 1542 639 1609 pervenerint,
658 1559 744 1611 quum
760 1544 797 1596 ab
814 1543 883 1595 hora

97 1622 154 1676 fere
166 1628 264 1691 quarta
275 1637 362 1691 usque
374 1622 412 1675 ad
424 1623 490 1675 solis
502 1639 632 1676 occasum
645 1633 818 1692 pugnaretur.

132 1705 210 1756 XVI.
230 1703 292 1768 Quo
313 1703 412 1771 proelio
430 1702 534 1757 bellum
552 1706 723 1758 Venetorum
747 1705 884 1773 totiusque

98 1802 154 1839 orae
166 1785 313 1838 maritimae
331 1785 488 1840 confectum
507 1795 556 1839 est.
594 1787 677 1852 Nam,
691 1803 776 1855 quum
794 1787 885 1839 omnis

96 1867 232 1937 juventus,
246 1883 342 1920 omnes
362 1867 447 1919 etiam
467 1866 600 1935 gravioris
619 1866 717 1934 aetatis‚
736 1867 765 1918 in
787 1867 885 1935 quibus

98 1949 203 2018 aliquid
214 1949 322 2001 consilii
334 1958 381 2002 aut
399 1949 541 2016 dignitatis
558 1948 616 2016 suit,
630 1963 663 2001 eo
683 1957 887 2014 convenerant;

98 2040 166 2098 tum,
179 2030 293 2083 navium
312 2031 388 2100 quod
408 2031 510 2099 ubique
529 2030 626 2099 fuerat,
638 2047 724 2083 unum
745 2030 774 2083 in
795 2031 886 2085 locum

99 2116 264 2180 co‘e'gerant:
282 2112 381 2181 quibus
401 2112 518 2178 arnissis,
538 2111 643 2180 reliqui,
665 2128 754 2180 neque
778 2129 833 2181 quo
858 2129 887 2166 se

99 2195 262 2263 reciperent,
275 2211 364 2264 neque
384 2193 617 2262 quemadmodum
637 2194 740 2263 oppida
758 2195 886 2249 defende-

99 2286 169 2344 rent,
182 2277 330 2331 habebant
369 2278 467 2345 ltaque
488 2292 519 2328 se
543 2292 647 2344 suaque
672 2277 766 2329 omnia
783 2276 887 2329 Caesari

100 2359 271 2412 dediderunt
299 2360 332 2410 ln
344 2374 414 2426 quos
426 2373 461 2410 eo
472 2357 581 2426 gravius
591 2359 685 2410 Caesar
692 2358 887 2411 vindicandum

101 2440 205 2508 statuit,
213 2456 268 2509 quo
275 2439 614 2507 diligentiusinreliquum
621 2437 887 2506 tempusabarbaris

100 2523 143 2595 jus
156 2522 309 2589 legatorum
327 2529 541 2575 conservaretur.
580 2522 685 2588 ltaque,
698 2519 774 2571 omni
792 2528 888 2573 senatu

102 2611 211 2671 necato,
223 2603 342 2672 reliquos
356 2602 407 2656 sub
420 2607 523 2655 corona
535 2600 669 2654 vendidit.

138 2686 232 2739 XVII.
253 2685 330 2737 Dum
350 2686 412 2738 haec
432 2683 461 2736 in
481 2682 596 2736 Venetis
618 2690 757 2749 geruntur,
771 2682 889 2750 Quintus
