1964 3336
190 242 249 300 DE
271 242 405 302 BELLO
431 242 613 314 GALLICO,
631 246 707 300 LIB.
727 240 783 299 III.
853 255 884 313 13

96 386 175 455 ponit
179 405 186 451 ;
208 386 308 455 quibus
318 385 451 454 angustiis
462 385 521 454 ipse
535 386 656 438 Caesara
667 384 783 439 Venetis
795 400 885 452 prem·
941 413 944 416 ⁴

95 477 165 536 atur,
191 469 286 522 docet:
304 485 395 537 neque
411 469 520 537 longius
544 469 650 536 abesse,
676 467 743 536 quin
761 468 885 536 proxima

96 562 178 606 nocte
192 552 312 605 Sabinus
326 552 398 604 clam
411 568 444 605 ex
462 551 560 604 castris
574 550 723 604 exercitum
737 551 844 617 educat,
859 559 885 603 et

97 636 135 687 ad
161 635 301 688 Caesarem
325 634 418 686 auxilii
443 633 549 686 ferendi
572 639 658 686 causa
686 632 884 700 proficiscatur.

98 716 181 783 Quod
193 717 240 770 ubi
259 716 385 768 auditum
403 724 452 782 est,
467 715 644 769 conclamant
663 731 768 781 omnes,
781 715 885 768 occasi-

96 814 179 851 onem
191 799 294 866 negotii
306 800 377 851 bene
389 797 501 865 gerendi
509 797 691 850 amittendam
700 812 757 848 non
770 812 837 863 esse,
848 796 885 849 ad

95 889 188 933 castra
206 880 239 932 iri
258 889 391 948 oportere.
429 879 527 932 Multae
547 895 591 931 res
612 878 720 931 adhoc
741 878 885 931 consilium

97 962 192 1015 Gallos
222 961 423 1015 hortabantur:
441 961 613 1029 superiorum
647 958 754 1012 dierum
789 958 885 1012 Sabini

97 1044 245 1111 cunctatio,
258 1043 380 1112 perfugae
399 1042 579 1109 confirmatio,
597 1041 692 1110 inopia
710 1041 883 1110 cibariorum,

96 1124 152 1194 (cui
164 1125 203 1178 rei
216 1141 314 1194 parum
327 1125 473 1190 diligenter
485 1123 521 1177 ab
533 1122 567 1176 iis
583 1131 642 1176 erat
653 1123 805 1192 provisum)
820 1139 885 1191 spes

95 1207 222 1259 Venetici
245 1205 318 1273 belli,
338 1213 366 1258 et
390 1204 464 1274 qubd
488 1205 544 1258 fere
563 1204 680 1258 libenter
698 1204 826 1257 homines
848 1205 884 1271 id,

95 1288 171 1358 quod
183 1289 285 1356 volunt,
299 1289 422 1342 credunt.
448 1287 503 1340 His
515 1287 596 1340 rebus
609 1285 730 1353 adducti,
740 1302 796 1338 non
809 1285 885 1353 prius

95 1370 284 1424 Viridovicem
305 1370 479 1437 reliquosque
499 1368 584 1423 duces
603 1385 636 1421 ex
652 1367 769 1420 concilio
782 1366 884 1421 dimitt-

96 1461 154 1520 unt,
167 1469 252 1520 quam
264 1453 300 1504 ab
316 1451 360 1503 his
379 1450 414 1504 sit
433 1466 697 1518 concessum,a1ma
713 1449 754 1502 uti
772 1449 884 1518 capiant

95 1544 123 1588 et
135 1534 172 1587 ad
185 1543 277 1587 castra
289 1533 464 1587 contendant.
503 1534 567 1601 Qua
582 1549 611 1585 re
623 1537 765 1600 concessa,
777 1532 841 1600 laeti,
855 1540 885 1585 ut

95 1617 237 1686 explorata
257 1615 379 1682 victoria,
399 1615 545 1668 sarmentis
562 1614 740 1683 virgultisque
753 1613 884 1682 collectis,

95 1699 195 1768 quibus
219 1699 307 1752 fossas
321 1699 522 1750 Romanorum
547 1698 712 1766 compleant,
731 1696 768 1749 ad
793 1704 885 1750 castra

95 1789 219 1850 pergunt

130 1863 208 1914 XIX.
230 1863 317 1914 Locus
327 1870 385 1914 erat
397 1870 549 1914 castrorum
558 1860 655 1927 editus,
665 1869 693 1913 et
705 1860 839 1928 paulatim
848 1861 885 1914 ab

94 1944 151 1996 imo
161 1943 272 1996 acclivis
282 1943 390 1997 circiter
398 1947 496 2010 passfis
505 1942 586 1995 mille.
619 1943 884 2009 Hucmagnocursu

94 2025 301 2093 contenderunt,
313 2034 435 2093 utquam
445 2024 590 2077 minimum
606 2024 688 2092 spatii
700 2023 736 2076 ad
748 2039 779 2076 se
791 2023 883 2090 collig-

94 2108 181 2160 endos
194 2107 397 2175 armandosque
410 2107 544 2160 Romanis
557 2107 674 2175 daretur,
683 2106 885 2174 exanimatique

94 2198 283 2258 pervenerunt
325 2188 453 2255 Sabinus,
472 2205 537 2241 suos
557 2189 691 2255 hortatus,
711 2188 884 2255 cupientibus

94 2269 204 2337 signum
225 2270 280 2324 dat.
323 2270 467 2338 Impeditis
485 2270 611 2323 hostibus
632 2279 743 2339 propter
763 2286 805 2337 ea,
822 2285 884 2338 quae

93 2351 226 2418 ferebant,
248 2367 339 2419 onera,
362 2351 453 2404 subito
474 2351 581 2405 duabus
606 2353 691 2420 portis
713 2353 884 2420 eruptionem

94 2432 151 2486 fieri
166 2432 251 2500 jubet
289 2435 407 2486 Factum
419 2442 460 2486 est
473 2435 675 2502 opportunitate
688 2434 750 2500 loci,
762 2433 884 2486 hostium

93 2514 240 2568 inscientia
256 2532 290 2568 ac
308 2515 512 2584 defatigatione,
524 2517 624 2569 virtute
641 2516 768 2582 militum,
781 2515 883 2582 superi·

94 2613 172 2648 orum
184 2613 338 2665 pugnarum
354 2597 555 2665 exercitatione,
570 2607 600 2650 ut
616 2613 651 2650 ne
668 2614 754 2649 unum
772 2597 883 2666 quidem

93 2687 250 2732 nostrorum
268 2679 403 2746 impetum
414 2679 524 2746 ferrent,
537 2697 570 2733 ac
589 2679 684 2733 statim
702 2688 779 2747 terga
797 2689 883 2734 verte·

94 2769 161 2813 rent.
199 2761 275 2829 Quos
288 2761 436 2830 impeditos
449 2761 562 2829 integris
570 2761 673 2815 viribus
682 2762 782 2815 milites
794 2761 886 2814 nostri
