1964 3336
100 271 115 309 2
310 259 338 313 c
357 258 474 328 JULJJ
495 256 677 314 casamo

100 396 219 464 undique
244 396 405 452 continetur.
456 399 548 468 Quum
572 398 618 452 hic
641 398 670 452 in
700 398 770 453 duas
795 410 888 471 partes

100 479 209 532 flumine
222 477 396 549 divideretur,
409 481 524 535 alteram
536 491 643 551 partem
662 483 720 552 ejus
732 483 786 537 vici
800 485 889 539 Gallis

99 561 242 628 concessit,
255 561 380 631 alteram,
392 580 510 621 vacuam
521 562 559 616 ab
571 561 623 616 illis
636 563 768 632 relictam,
780 566 888 620 cohort-

97 642 158 698 ibus
168 643 206 696 ad
214 644 395 698 hiemandum
403 645 534 700 attribuit.
561 647 635 698 Eum
646 646 739 699 locum
750 647 823 701 vallo
833 648 888 702 fos-

97 731 182 794 saque
195 726 319 779 munivit.

132 809 170 860 11.
191 807 284 875 Quum
297 808 356 861 dies
363 809 544 862 hibernorum
552 809 706 878 complures
714 810 886 880 transissent,

95 889 316 958 frumentumque
338 906 371 943 eo
390 891 555 960 comportari
569 891 707 960 jussisset,
729 892 820 946 subito
838 910 888 963 per

95 971 278 1039 exploratores
303 971 402 1026 certior
421 972 512 1026 sactus
536 982 579 1026 est
603 989 636 1026 ex
660 979 694 1027 ea
717 984 796 1042 parte
823 975 885 1042 vici,

95 1069 179 1121 quam
197 1053 283 1106 Gallis
301 1063 484 1121 concesserat,
498 1070 595 1107 omnes
611 1063 696 1108 noctu
716 1055 885 1124 discessisse,

94 1143 265 1203 montesque,
278 1135 325 1204 qui
337 1135 536 1204 impenderent,
548 1152 566 1187 a
577 1135 699 1188 maxima
711 1136 886 1191 multitudine

97 1217 271 1271 Sedunorum
291 1226 319 1271 et
330 1219 515 1286 Veragrorum
537 1217 631 1271 teneri.
670 1219 704 1270 Id
725 1218 829 1287 aliquot
850 1219 886 1273 de

94 1300 185 1353 causis
209 1299 358 1368 acciderat,
379 1309 410 1354 ut
434 1300 525 1354 subito
548 1299 621 1352 Galli
645 1300 709 1353 belli
734 1301 885 1354 renovandi

93 1380 266 1450 legionisque
290 1381 481 1451 opprimendae
503 1381 648 1434 consilium
670 1382 884 1452 caperent2pri-

94 1476 178 1532 mum,
202 1461 278 1531 qudd
308 1463 454 1530 legionem,
484 1479 574 1530 neque
598 1479 661 1516 eam
685 1463 885 1534 plenissimam,

93 1545 224 1598 detractis
237 1545 397 1599 cohortibus
410 1544 527 1610 duabus,
539 1553 567 1597 et
585 1544 773 1612 compluribus
792 1545 885 1613 singil-

93 1626 178 1693 latim,
202 1626 249 1695 qui
271 1631 443 1680 commeatus
462 1625 575 1696 petendi
597 1633 683 1679 causa
699 1627 778 1680 missi
797 1637 884 1697 erant,

92 1708 261 1776 absentibus,
281 1717 394 1779 propter
409 1708 579 1778 paucitatem
598 1708 806 1777 despiciebant:
825 1719 884 1762 tum

92 1791 185 1859 etiam,
197 1791 281 1860 qudd,
294 1800 407 1862 propter
419 1791 594 1860 iniquitatem
605 1790 668 1858 loci,
681 1807 767 1858 quum
785 1789 838 1860 ipsi
851 1809 884 1844 ex

91 1873 232 1927 montibus
245 1873 276 1926 in
290 1875 392 1928 vallem
405 1873 588 1939 decurrerent,
601 1881 628 1926 et
641 1873 697 1925 tela
708 1873 884 1943 conjicerent,

91 1971 127 2008 ne
136 1956 255 2024 primum
265 1954 377 2025 quidem
385 1971 469 2024 posse
476 1956 611 2023 impetum
620 1953 755 2006 sustinere
763 1954 883 2008 existim-

91 2036 184 2090 abant.
203 2036 372 2104 Accedebat,
382 2035 458 2104 qubd
465 2033 575 2088 suosab
583 2049 612 2086 se
619 2033 720 2088 liberos
728 2034 883 2092 abstractos

91 2117 220 2172 obsidum
231 2117 344 2172 nomine
356 2116 504 2170 dolebant:
521 2123 549 2168 et
562 2116 706 2170 Romanos
718 2133 775 2170 non
793 2119 883 2172 solum

91 2199 219 2254 itinerum
240 2206 333 2268 causa,
346 2198 397 2253 sed
419 2198 504 2252 etiam
525 2207 667 2267 perpetuae
687 2201 881 2269 possessionis,

91 2281 213 2336 culmina
219 2281 331 2350 Alpium
341 2295 478 2349 occupare
491 2280 593 2348 conari,
602 2289 630 2334 et
642 2298 676 2335 ea
687 2282 882 2337 locafinitimae

90 2363 240 2432 provinciae
250 2362 408 2432 adjungere,
422 2362 475 2416 sibi
487 2379 650 2432 persuasum
662 2365 810 2419 habebant

127 2447 181 2498 Ill.
202 2443 367 2498 Hisnuntiis
376 2445 507 2514 acceptis,
516 2445 614 2514 Galba,
623 2463 881 2517 quumnequeopus

90 2527 267 2581 hibernorum
290 2526 512 2596 munitionesque
530 2527 613 2597 plene
631 2538 725 2583 essent
742 2530 879 2599 perfectae,

91 2625 180 2679 neque
193 2609 228 2662 de
239 2609 377 2664 frumento
389 2610 549 2679 reliquoque
559 2619 715 2664 commeatu
727 2611 794 2665 satis
807 2620 880 2665 esset

91 2691 239 2761 provisum,
257 2691 339 2762 qudd,
359 2692 501 2748 deditione
518 2693 601 2760 facta,
619 2692 816 2762 obsidibusque
834 2709 879 2747 ac-

91 2775 185 2844 ceptis.
198 2774 268 2827 nihil
279 2775 314 2830 de
325 2775 399 2829 bello
416 2773 569 2829 timendum
589 2773 801 2843 existimaverat,
813 2791 877 2828 con·
