1964 3336
160 225 219 280 aa
241 224 375 278 anuto
401 222 675 292 curarentur.
695 225 751 277 m.
819 238 852 292 19

61 366 185 436 ligebant
197 365 332 418 maximas
350 364 485 432 nationes,
501 380 564 433 quae
581 364 680 432 proelio
695 363 851 418 contendis·

61 459 132 519 sent,
140 449 234 518 pulsas
246 457 442 515 superatasque
455 463 524 515 esse,
532 447 758 515 continentesque
768 447 852 499 silvas

62 551 96 587 ac
103 533 218 602 paludes
227 531 377 598 habebant,
383 547 415 584 eo
426 546 456 583 se
464 546 567 598 suaque
573 530 849 582 omniacontulerunt

62 615 108 669 Ad
121 630 236 683 quarum
255 613 363 665 initium
385 612 515 664 silvarum
538 628 622 680 quum
644 611 739 663 Caesar
757 627 850 679 perve-

62 696 156 762 nisset,
175 703 320 763 castraque
340 693 447 746 munire
468 693 638 760 instituisset,
657 709 746 761 neque
763 693 851 745 hostis

61 779 172 831 interim
183 778 259 830 visus
271 785 352 844 esset,
365 776 495 844 dispersis
509 777 537 827 in
550 792 632 843 opere
642 777 750 844 nostris,
761 777 852 830 subito

62 877 95 913 ex
108 860 236 913 omnibus
247 859 371 927 partibus
384 859 461 911 silvae
473 858 649 911 evolaverunt
662 867 689 911 et
702 859 730 910 in
743 869 851 912 nostros

62 943 197 1010 impetum
208 941 338 994 fecerunt.
376 941 471 993 Nostri
488 941 611 994 celeriter
623 959 700 994 arma
712 953 851 1012 ceperunt,

62 1039 166 1092 eosque
184 1023 213 1075 in
231 1023 314 1075 silvas
333 1023 496 1090 repulerunt,
516 1031 552 1090 et,
565 1021 752 1090 compluribus
770 1023 851 1074 inter·

61 1104 150 1171 fectis,
168 1104 276 1171 longius
294 1102 512 1171 impeditioribus
530 1103 598 1157 loeis
617 1103 724 1171 sequuti
748 1119 851 1171 paucos

62 1203 96 1240 ex
108 1186 165 1239 suis
178 1185 398 1254 deperdiderunt

98 1270 203 1322 XXIX.
231 1268 355 1336 Reliquis
379 1267 510 1336 deinceps
532 1267 630 1319 diebus
652 1267 747 1319 Caesar
768 1267 851 1319 silvas

62 1348 170 1402 caedere
187 1338 313 1415 instituit,
325 1357 361 1416 et,
374 1365 409 1401 ne
427 1349 488 1417 quis
507 1349 658 1402 inermibus
671 1348 850 1416 imprudenti·

61 1432 169 1499 busque
180 1431 313 1484 militibus
326 1432 362 1483 ab
379 1432 465 1484 latere
478 1432 596 1500 impetus
610 1432 667 1483 fieri
680 1439 782 1499 posset,
795 1448 852 1483 om-

62 1528 128 1565 nem
146 1529 209 1565 eam
226 1513 380 1580 materiam,
393 1530 456 1581 quae
474 1523 532 1567 erat
547 1531 628 1582 caesa,
642 1530 804 1567 conversam
816 1514 853 1565 ad

62 1595 172 1647 hostem
191 1595 351 1661 collocabat,
365 1604 392 1647 et
409 1612 460 1663 pro
472 1597 544 1648 vallo
563 1597 599 1648 ad
617 1606 763 1664 utrumque
780 1596 852 1648 latus

62 1678 227 1730 exstruebat.
274 1678 432 1731 Incredibili
462 1680 600 1732 celeritate
630 1695 733 1746 magno
763 1678 853 1746 spatio

63 1759 160 1827 paucis
177 1759 274 1811 diebus
293 1760 427 1827 confecto,
440 1775 524 1828 quum
541 1760 599 1827 jam
615 1776 700 1827 pecus
713 1769 796 1827 atque
809 1776 853 1811 ex·

63 1849 153 1892 trema
164 1839 362 1908 impedimenta
374 1842 410 1894 ab
422 1841 523 1893 nostris
533 1849 697 1908 tenerentur,
708 1842 760 1909 ipsi
773 1841 853 1893 dens·

64 1922 136 1974 iores
160 1921 243 1974 silvas
267 1931 407 1990 peterent;
430 1923 564 1990 ejusmodi
590 1932 652 1975 sunt
676 1931 853 1990 tempestates

64 2011 250 2072 consequutae,
262 2003 302 2056 uti
321 2020 389 2072 opus
405 2006 560 2057 necessario
575 2005 806 2071 intermitteretur,
818 2013 854 2070 et,

68 2085 275 2139 continuatione
292 2086 422 2139 imbrium
440 2087 541 2139 diutius
561 2088 612 2140 sub
623 2088 740 2154 pellibus
752 2087 854 2139 milites

65 2167 199 2220 contineri
216 2184 272 2219 non
295 2176 416 2235 possent.
464 2169 564 2235 Itaque
585 2169 699 2220 vastatis
726 2168 854 2220 omnibus

65 2265 161 2301 eorum
179 2249 261 2316 agris,
273 2249 342 2302 vicis
361 2249 540 2318 aedificiisque
558 2250 686 2318 incensiS,
701 2251 795 2302 Caesar
811 2267 855 2302 ex-

66 2331 182 2384 ercitum
194 2331 309 2398 reduxit,
321 2341 348 2384 et
361 2331 390 2384 in
402 2332 535 2399 Aulercis,
546 2332 735 2401 Lexoviisque,
744 2332 854 2400 reliquis

65 2413 133 2466 item
151 2413 316 2481 civitatibus,
335 2431 397 2482 quae
414 2414 537 2482 proxime
557 2415 659 2468 bellum
677 2416 807 2480 fecerant,
826 2413 854 2464 in

65 2495 189 2550 hibernis
201 2496 352 2550 collocavit
