1964 3336
159 260 218 312 or
240 260 374 315 narro
400 262 751 328 ennumquam.
821 242 851 329 '17

64 398 190 468 gloriam,
202 399 425 471 paucitatemque
442 410 606 470 nostrorum,
619 417 650 456 se
666 410 724 456 tuto
739 403 853 456 dimica-

63 490 141 535 turos
153 481 356 552 existimabant,
369 493 463 537 tamen
475 484 559 537 tutius
571 500 633 537 esse
642 485 852 548 arbitrabantur,

65 564 187 617 obsessis
199 565 259 633 viis,
272 576 428 620 commeatu
441 566 596 632 intercluso,
609 566 669 619 sine
678 567 733 618 ullo
742 566 853 620 vulnere

65 644 181 698 victoria
189 646 283 714 potiri:
295 656 331 716 et,
340 648 363 700 si
370 657 481 717 propter
490 649 613 716 inopiam
620 649 659 701 rei
668 648 853 701 frumentariae

67 728 187 781 Romani
195 745 255 783 sese
262 730 382 799 recipere
390 729 854 798 coepissent,impedit0sinagmine

65 817 93 862 et
106 809 158 862 sub
170 811 293 880 sarcinis,
306 812 446 866 inferiores
459 811 561 880 animo,
573 811 673 865 adoriri
686 811 852 880 cogitabant.

67 893 132 945 Hoc
140 893 254 946 consilio
263 894 379 962 probato
388 895 423 948 ab
431 893 555 962 ducibus,
565 893 705 962 productis
714 896 853 947 Romano·

65 991 128 1027 rum
139 976 235 1044 copiis,
245 992 306 1030 sese
313 976 409 1030 castris
420 977 557 1030 tenebant
589 977 653 1029 Hac
663 992 692 1029 re
700 981 852 1044 perspecta,

67 1056 184 1110 Crassus
210 1059 307 1128 (quum
334 1065 384 1112 sua
408 1058 584 1113 cunctatione
610 1067 693 1126 atque
725 1058 853 1127 opinione

65 1139 173 1193 timoris
184 1140 278 1193 hostes
290 1148 399 1194 nostros
411 1140 512 1193 milites
522 1139 666 1193 alacriores
679 1140 716 1192 ad
728 1155 852 1207 pugnan-

66 1219 135 1272 dum
151 1220 321 1286 effecissent;
346 1230 429 1290 atque
444 1222 566 1274 omnium
582 1238 664 1275 voces
687 1221 852 1289 audirentur,

65 1303 218 1370 exspectari
227 1302 328 1357 diutius
338 1320 394 1357 non
402 1312 534 1372 oportere,
542 1302 607 1372 quin
617 1302 654 1355 ad
662 1311 752 1355 castra
759 1301 852 1368 iretur)

65 1384 224 1438 cohortatus
243 1401 315 1454 suoS,
329 1386 456 1439 omnibus
474 1385 655 1454 cupientibus,
674 1385 710 1438 ad
730 1384 850 1438 hostium

65 1475 158 1520 castra
169 1467 317 1522 contendit.

100 1549 189 1603 XXV.
210 1549 253 1602 Ibi
263 1566 349 1618 quum
357 1549 404 1603 alii
413 1551 502 1603 fossas
510 1550 685 1618 complerent,
694 1549 749 1620 alii,
759 1550 852 1604 multis

64 1631 127 1685 telis
140 1632 279 1702 conjectis,
292 1632 448 1686 defensores
455 1633 528 1685 vallo
540 1632 792 1701 munitionibusque
805 1633 852 1686 de-

64 1713 205 1782 pellerent,
214 1714 414 1784 auxiliaresque
423 1715 532 1785 (quibus
540 1715 576 1766 ad
585 1731 707 1782 pugnam
714 1731 771 1767 non
783 1715 851 1767 mul-

64 1805 124 1849 tum
137 1795 254 1849 Crassus
267 1796 433 1865 confidebat)
446 1795 584 1864 lapidibus
602 1796 717 1864 telisque
730 1795 851 1847 submin-

64 1872 203 1946 istrandis,
216 1886 243 1932 et
260 1878 296 1931 ad
314 1894 442 1946 aggerem
462 1877 620 1945 caespitibus
638 1877 851 1944 comportandis,

64 1959 185 2027 speciem
204 1968 287 2028 atque
305 1960 462 2027 opinionem
480 1957 662 2028 pugnantium
682 1957 850 2026 praeberent3

64 2057 150 2109 quum
171 2041 237 2094 item
258 2042 294 2094 ab
315 2041 441 2095 hostibus
459 2049 617 2094 constanter
633 2056 667 2093 ac
685 2056 741 2092 non
755 2038 852 2092 timide

63 2131 238 2191 pugnaretur,
259 2123 369 2192 telaque
392 2140 426 2176 ex
446 2124 508 2175 loco
532 2122 670 2190 superiore
688 2121 775 2173 missa
795 2138 850 2173 non

62 2205 164 2258 frustra
175 2205 331 2259 acciderent
335 2226 342 2271 ;
356 2206 469 2275 equites,
479 2205 600 2258 circuitis
611 2203 733 2256 hostium
745 2203 850 2271 castris,

64 2286 166 2340 Crasso
178 2286 408 2353 renuntiaverunt,
421 2302 477 2339 non
486 2286 584 2338 eadem
593 2300 654 2338 esse
663 2283 806 2351 diligentia
815 2284 851 2335 ab

62 2370 218 2423 decumana
235 2374 315 2437 porta
332 2376 424 2422 castra
443 2367 556 2435 munita,
570 2367 733 2434 facilemque
745 2365 850 2418 aditum

62 2451 172 2505 habere

97 2535 204 2587 XXVI.
232 2534 356 2601 Crassus,
374 2533 497 2601 equitum
520 2531 664 2600 praesectos
683 2529 851 2597 cohortatus,

61 2625 93 2669 ut
104 2616 213 2684 magnis
226 2614 348 2684 praemiis
364 2613 662 2683 pollicitationibusque
674 2628 738 2665 suos
751 2610 850 2665 excita-

61 2707 132 2768 rent,
140 2697 352 2768 quidfien'velit,
360 2696 487 2750 ostendit.
515 2695 850 2764 Illi,uteratimperatrun,

62 2781 169 2837 eductis
190 2789 307 2851 quatuor
325 2778 493 2848 cohortibus,
515 2794 585 2848 quae,
601 2776 731 2847 praesidio
751 2773 849 2830 castris

449 2871 470 2919 G
